%% This BibTeX bibliography file was created using BibDesk.
%% http://bibdesk.sourceforge.net/


%% Created for Alexa Schlegel at 2015-09-20 20:30:29 +0200 


%% Saved with string encoding Unicode (UTF-8) 



@article{von2014easy,
	Author = {von Zezschwitz, Emanuel and De Luca, Alexander and Janssen, Philipp and Hussmann, Heinrich},
	Date-Added = {2015-09-18 11:28:20 +0000},
	Date-Modified = {2015-09-18 11:28:20 +0000},
	Title = {Easy to Draw, but Hard to Trace?: On the Observability of Grid-based (Un) lock Patterns},
	Year = {2014}}

@inproceedings{Song:2015:EPL:2702123.2702365,
	Acmid = {2702365},
	Address = {New York, NY, USA},
	Author = {Song, Youngbae and Cho, Geumhwan and Oh, Seongyeol and Kim, Hyoungshick and Huh, Jun Ho},
	Booktitle = {Proceedings of the 33rd Annual ACM Conference on Human Factors in Computing Systems},
	Date-Added = {2015-09-18 11:24:57 +0000},
	Date-Modified = {2015-09-18 11:24:57 +0000},
	Doi = {10.1145/2702123.2702365},
	Isbn = {978-1-4503-3145-6},
	Keywords = {password, password strength meter, pattern lock, security},
	Location = {Seoul, Republic of Korea},
	Numpages = {10},
	Pages = {2343--2352},
	Publisher = {ACM},
	Series = {CHI '15},
	Title = {On the Effectiveness of Pattern Lock Strength Meters: Measuring the Strength of Real World Pattern Locks},
	Url = {http://doi.acm.org/10.1145/2702123.2702365},
	Year = {2015},
	Bdsk-Url-1 = {http://doi.acm.org/10.1145/2702123.2702365},
	Bdsk-Url-2 = {http://dx.doi.org/10.1145/2702123.2702365}}

@incollection{andriotis2014complexity,
	Author = {Andriotis, Panagiotis and Tryfonas, Theo and Oikonomou, George},
	Booktitle = {Human Aspects of Information Security, Privacy, and Trust},
	Date-Added = {2015-09-18 11:21:17 +0000},
	Date-Modified = {2015-09-18 11:21:17 +0000},
	Pages = {115--126},
	Publisher = {Springer},
	Title = {Complexity metrics and user strength perceptions of the pattern-lock graphical authentication method},
	Year = {2014}}

@inproceedings{massey1994guessing,
	Author = {Massey, James L},
	Booktitle = {Information Theory, 1994. Proceedings., 1994 IEEE International Symposium on},
	Date-Added = {2015-09-16 22:40:01 +0000},
	Date-Modified = {2015-09-16 22:40:01 +0000},
	Organization = {IEEE},
	Pages = {204},
	Title = {Guessing and entropy},
	Year = {1994}}

@misc{blonder1996graphical,
	Author = {Blonder, Greg E},
	Date-Added = {2015-09-16 21:17:38 +0000},
	Date-Modified = {2015-09-16 21:17:38 +0000},
	Month = sep # {~24},
	Note = {US Patent 5,559,961},
	Publisher = {Google Patents},
	Title = {Graphical password},
	Year = {1996}}

@article{attneave1957physical,
	Author = {Attneave, Fred},
	Date-Added = {2015-09-15 13:57:03 +0000},
	Date-Modified = {2015-09-15 13:57:03 +0000},
	Journal = {Journal of Experimental Psychology},
	Number = {4},
	Pages = {221},
	Publisher = {American Psychological Association},
	Title = {Physical determinants of the judged complexity of shapes.},
	Volume = {53},
	Year = {1957}}

@book{burr2004electronic,
	Author = {Burr, William E and Dodson, Donna F and Polk, William T},
	Date-Added = {2015-09-15 09:58:37 +0000},
	Date-Modified = {2015-09-15 09:58:37 +0000},
	Publisher = {Citeseer},
	Title = {Electronic authentication guideline},
	Year = {2004}}

@inproceedings{VanBruggen:2013:MSU:2501604.2501614,
	Acmid = {2501614},
	Address = {New York, NY, USA},
	Articleno = {10},
	Author = {Van Bruggen, Dirk and Liu, Shu and Kajzer, Mitch and Striegel, Aaron and Crowell, Charles R. and D'Arcy, John},
	Booktitle = {Proceedings of the Ninth Symposium on Usable Privacy and Security},
	Date-Added = {2015-09-14 21:12:51 +0000},
	Date-Modified = {2015-09-14 21:12:51 +0000},
	Doi = {10.1145/2501604.2501614},
	Isbn = {978-1-4503-2319-2},
	Keywords = {awareness, mobile devices, passwords},
	Location = {Newcastle, United Kingdom},
	Numpages = {14},
	Pages = {10:1--10:14},
	Publisher = {ACM},
	Series = {SOUPS '13},
	Title = {Modifying Smartphone User Locking Behavior},
	Url = {http://doi.acm.org/10.1145/2501604.2501614},
	Year = {2013},
	Bdsk-File-1 = {YnBsaXN0MDDUAQIDBAUGJCVYJHZlcnNpb25YJG9iamVjdHNZJGFyY2hpdmVyVCR0b3ASAAGGoKgHCBMUFRYaIVUkbnVsbNMJCgsMDxJXTlMua2V5c1pOUy5vYmplY3RzViRjbGFzc6INDoACgAOiEBGABIAFgAdccmVsYXRpdmVQYXRoWWFsaWFzRGF0YV8QOi4uLy4uL1BhcGVycy9hbmRyb2lkIGdyYXBoaWNhbCB1bmxvY2tlci9hMTBfVmFuQnJ1Z2dlbi5wZGbSFwsYGVdOUy5kYXRhTxEB0gAAAAAB0gACAAAMTWFjaW50b3NoIEhEAAAAAAAAAAAAAAAAAAAAzyiwX0grAAAA/sRiEmExMF9WYW5CcnVnZ2VuLnBkZgAAAAAAAAAAAAAAAAAAAAAAAAAAAAAAAAAAAAAAAAAAAAAAAAAAAAAAAAAAAAEF6evSHQTOAAAAAAAAAAAAAgADAAAJIAAAAAAAAAAAAAAAAAAAABphbmRyb2lkIGdyYXBoaWNhbCB1bmxvY2tlcgAQAAgAAM8ook8AAAARAAgAANIc6K4AAAABABAA/sRiAP7BgwAI/OIAAmXaAAIAUU1hY2ludG9zaCBIRDpVc2VyczoAYWxleGE6AFBhcGVyczoAYW5kcm9pZCBncmFwaGljYWwgdW5sb2NrZXI6AGExMF9WYW5CcnVnZ2VuLnBkZgAADgAmABIAYQAxADAAXwBWAGEAbgBCAHIAdQBnAGcAZQBuAC4AcABkAGYADwAaAAwATQBhAGMAaQBuAHQAbwBzAGgAIABIAEQAEgBAVXNlcnMvYWxleGEvUGFwZXJzL2FuZHJvaWQgZ3JhcGhpY2FsIHVubG9ja2VyL2ExMF9WYW5CcnVnZ2VuLnBkZgATAAEvAAAVAAIADP//AACABtIbHB0eWiRjbGFzc25hbWVYJGNsYXNzZXNdTlNNdXRhYmxlRGF0YaMdHyBWTlNEYXRhWE5TT2JqZWN00hscIiNcTlNEaWN0aW9uYXJ5oiIgXxAPTlNLZXllZEFyY2hpdmVy0SYnVHJvb3SAAQAIABEAGgAjAC0AMgA3AEAARgBNAFUAYABnAGoAbABuAHEAcwB1AHcAhACOAMsA0ADYAq4CsAK1AsACyQLXAtsC4gLrAvAC/QMAAxIDFQMaAAAAAAAAAgEAAAAAAAAAKAAAAAAAAAAAAAAAAAAAAxw=},
	Bdsk-Url-1 = {http://doi.acm.org/10.1145/2501604.2501614},
	Bdsk-Url-2 = {http://dx.doi.org/10.1145/2501604.2501614}}

@inproceedings{bonneau2012science,
	Author = {Bonneau, Joseph},
	Booktitle = {Security and Privacy (SP), 2012 IEEE Symposium on},
	Date-Added = {2015-09-13 21:06:24 +0000},
	Date-Modified = {2015-09-13 21:06:24 +0000},
	Organization = {IEEE},
	Pages = {538--552},
	Title = {The science of guessing: analyzing an anonymized corpus of 70 million passwords},
	Year = {2012},
	Bdsk-File-1 = {YnBsaXN0MDDUAQIDBAUGJCVYJHZlcnNpb25YJG9iamVjdHNZJGFyY2hpdmVyVCR0b3ASAAGGoKgHCBMUFRYaIVUkbnVsbNMJCgsMDxJXTlMua2V5c1pOUy5vYmplY3RzViRjbGFzc6INDoACgAOiEBGABIAFgAdccmVsYXRpdmVQYXRoWWFsaWFzRGF0YV8QSC4uLy4uL1BhcGVycy9wYXNzd29yZHMvQjEyLUlFRUVTUC1hbmFseXppbmdfNzBNX2Fub255bWl6ZWRfcGFzc3dvcmRzLnBkZtIXCxgZV05TLmRhdGFPEQIKAAAAAAIKAAIAAAxNYWNpbnRvc2ggSEQAAAAAAAAAAAAAAAAAAADPKLBfSCsAAAD+xOQfQjEyLUlFRUVTUC1hbmFseXppbiMxMDUyMzgxLnBkZgAAAAAAAAAAAAAAAAAAAAAAAAAAAAAAAAAAAAAAAAAAAQUjgdIbsDsAAAAAAAAAAAACAAMAAAkgAAAAAAAAAAAAAAAAAAAACXBhc3N3b3JkcwAAEAAIAADPKKJPAAAAEQAIAADSG5QbAAAAAQAQAP7E5AD+wYMACPziAAJl2gACAE1NYWNpbnRvc2ggSEQ6VXNlcnM6AGFsZXhhOgBQYXBlcnM6AHBhc3N3b3JkczoAQjEyLUlFRUVTUC1hbmFseXppbiMxMDUyMzgxLnBkZgAADgBkADEAQgAxADIALQBJAEUARQBFAFMAUAAtAGEAbgBhAGwAeQB6AGkAbgBnAF8ANwAwAE0AXwBhAG4AbwBuAHkAbQBpAHoAZQBkAF8AcABhAHMAcwB3AG8AcgBkAHMALgBwAGQAZgAPABoADABNAGEAYwBpAG4AdABvAHMAaAAgAEgARAASAE5Vc2Vycy9hbGV4YS9QYXBlcnMvcGFzc3dvcmRzL0IxMi1JRUVFU1AtYW5hbHl6aW5nXzcwTV9hbm9ueW1pemVkX3Bhc3N3b3Jkcy5wZGYAEwABLwAAFQACAAz//wAAgAbSGxwdHlokY2xhc3NuYW1lWCRjbGFzc2VzXU5TTXV0YWJsZURhdGGjHR8gVk5TRGF0YVhOU09iamVjdNIbHCIjXE5TRGljdGlvbmFyeaIiIF8QD05TS2V5ZWRBcmNoaXZlctEmJ1Ryb290gAEACAARABoAIwAtADIANwBAAEYATQBVAGAAZwBqAGwAbgBxAHMAdQB3AIQAjgDZAN4A5gL0AvYC+wMGAw8DHQMhAygDMQM2A0MDRgNYA1sDYAAAAAAAAAIBAAAAAAAAACgAAAAAAAAAAAAAAAAAAANi}}

@article{Standing:1970aa,
	Author = {Standing, Lionel and Conezio, Jerry and Haber, RalphNorman},
	Date-Added = {2015-09-13 16:35:18 +0000},
	Date-Modified = {2015-09-13 16:35:41 +0000},
	Doi = {10.3758/BF03337426},
	Issn = {0033-3131},
	Journal = {Psychonomic Science},
	Language = {English},
	Number = {2},
	Pages = {73-74},
	Publisher = {Springer-Verlag},
	Title = {Perception and memory for pictures: Single-trial learning of 2500 visual stimuli},
	Url = {http://dx.doi.org/10.3758/BF03337426},
	Volume = {19},
	Year = {1970},
	Bdsk-File-1 = {YnBsaXN0MDDUAQIDBAUGJCVYJHZlcnNpb25YJG9iamVjdHNZJGFyY2hpdmVyVCR0b3ASAAGGoKgHCBMUFRYaIVUkbnVsbNMJCgsMDxJXTlMua2V5c1pOUy5vYmplY3RzViRjbGFzc6INDoACgAOiEBGABIAFgAdccmVsYXRpdmVQYXRoWWFsaWFzRGF0YV8QPy4uLy4uL1BhcGVycy9ncmFwaGljYWwgcGFzc3dvcmRzL2FydCUzQTEwLjM3NTglMkZCRjAzMzM3NDI2LnBkZtIXCxgZV05TLmRhdGFPEQHuAAAAAAHuAAIAAAxNYWNpbnRvc2ggSEQAAAAAAAAAAAAAAAAAAADPKLBfSCsAAAD+1CkeYXJ0JTNBMTAuMzc1OCUyRkJGMDMzMzc0MjYucGRmAAAAAAAAAAAAAAAAAAAAAAAAAAAAAAAAAAAAAAAAAAAAAQUFytIbchoAAAAAAAAAAAACAAMAAAkgAAAAAAAAAAAAAAAAAAAAE2dyYXBoaWNhbCBwYXNzd29yZHMAABAACAAAzyiiTwAAABEACAAA0htV+gAAAAEAEAD+1CkA/sGDAAj84gACZdoAAgBWTWFjaW50b3NoIEhEOlVzZXJzOgBhbGV4YToAUGFwZXJzOgBncmFwaGljYWwgcGFzc3dvcmRzOgBhcnQlM0ExMC4zNzU4JTJGQkYwMzMzNzQyNi5wZGYADgA+AB4AYQByAHQAJQAzAEEAMQAwAC4AMwA3ADUAOAAlADIARgBCAEYAMAAzADMAMwA3ADQAMgA2AC4AcABkAGYADwAaAAwATQBhAGMAaQBuAHQAbwBzAGgAIABIAEQAEgBFVXNlcnMvYWxleGEvUGFwZXJzL2dyYXBoaWNhbCBwYXNzd29yZHMvYXJ0JTNBMTAuMzc1OCUyRkJGMDMzMzc0MjYucGRmAAATAAEvAAAVAAIADP//AACABtIbHB0eWiRjbGFzc25hbWVYJGNsYXNzZXNdTlNNdXRhYmxlRGF0YaMdHyBWTlNEYXRhWE5TT2JqZWN00hscIiNcTlNEaWN0aW9uYXJ5oiIgXxAPTlNLZXllZEFyY2hpdmVy0SYnVHJvb3SAAQAIABEAGgAjAC0AMgA3AEAARgBNAFUAYABnAGoAbABuAHEAcwB1AHcAhACOANAA1QDdAs8C0QLWAuEC6gL4AvwDAwMMAxEDHgMhAzMDNgM7AAAAAAAAAgEAAAAAAAAAKAAAAAAAAAAAAAAAAAAAAz0=},
	Bdsk-Url-1 = {http://dx.doi.org/10.3758/BF03337426}}

@inproceedings{DeLuca:2012:TMO:2207676.2208544,
	Acmid = {2208544},
	Address = {New York, NY, USA},
	Author = {De Luca, Alexander and Hang, Alina and Brudy, Frederik and Lindner, Christian and Hussmann, Heinrich},
	Booktitle = {Proceedings of the SIGCHI Conference on Human Factors in Computing Systems},
	Date-Added = {2015-09-11 21:03:11 +0000},
	Date-Modified = {2015-09-11 21:03:11 +0000},
	Doi = {10.1145/2207676.2208544},
	Isbn = {978-1-4503-1015-4},
	Keywords = {implicit authentication, password pattern, security},
	Location = {Austin, Texas, USA},
	Numpages = {10},
	Pages = {987--996},
	Publisher = {ACM},
	Series = {CHI '12},
	Title = {Touch Me Once and I Know It's You!: Implicit Authentication Based on Touch Screen Patterns},
	Url = {http://doi.acm.org/10.1145/2207676.2208544},
	Year = {2012},
	Bdsk-File-1 = {YnBsaXN0MDDUAQIDBAUGJCVYJHZlcnNpb25YJG9iamVjdHNZJGFyY2hpdmVyVCR0b3ASAAGGoKgHCBMUFRYaIVUkbnVsbNMJCgsMDxJXTlMua2V5c1pOUy5vYmplY3RzViRjbGFzc6INDoACgAOiEBGABIAFgAdccmVsYXRpdmVQYXRoWWFsaWFzRGF0YV8QNy4uLy4uL1BhcGVycy9hbmRyb2lkIGdyYXBoaWNhbCB1bmxvY2tlci9wOTg3LWRlbHVjYS5wZGbSFwsYGVdOUy5kYXRhTxEBxgAAAAABxgACAAAMTWFjaW50b3NoIEhEAAAAAAAAAAAAAAAAAAAAzyiwX0grAAAA/sRiD3A5ODctZGVsdWNhLnBkZgAAAAAAAAAAAAAAAAAAAAAAAAAAAAAAAAAAAAAAAAAAAAAAAAAAAAAAAAAAAAAAAAEEx0PSGQ31AAAAAAAAAAAAAgADAAAJIAAAAAAAAAAAAAAAAAAAABphbmRyb2lkIGdyYXBoaWNhbCB1bmxvY2tlcgAQAAgAAM8ook8AAAARAAgAANIY8dUAAAABABAA/sRiAP7BgwAI/OIAAmXaAAIATk1hY2ludG9zaCBIRDpVc2VyczoAYWxleGE6AFBhcGVyczoAYW5kcm9pZCBncmFwaGljYWwgdW5sb2NrZXI6AHA5ODctZGVsdWNhLnBkZgAOACAADwBwADkAOAA3AC0AZABlAGwAdQBjAGEALgBwAGQAZgAPABoADABNAGEAYwBpAG4AdABvAHMAaAAgAEgARAASAD1Vc2Vycy9hbGV4YS9QYXBlcnMvYW5kcm9pZCBncmFwaGljYWwgdW5sb2NrZXIvcDk4Ny1kZWx1Y2EucGRmAAATAAEvAAAVAAIADP//AACABtIbHB0eWiRjbGFzc25hbWVYJGNsYXNzZXNdTlNNdXRhYmxlRGF0YaMdHyBWTlNEYXRhWE5TT2JqZWN00hscIiNcTlNEaWN0aW9uYXJ5oiIgXxAPTlNLZXllZEFyY2hpdmVy0SYnVHJvb3SAAQAIABEAGgAjAC0AMgA3AEAARgBNAFUAYABnAGoAbABuAHEAcwB1AHcAhACOAMgAzQDVAp8CoQKmArECugLIAswC0wLcAuEC7gLxAwMDBgMLAAAAAAAAAgEAAAAAAAAAKAAAAAAAAAAAAAAAAAAAAw0=},
	Bdsk-Url-1 = {http://doi.acm.org/10.1145/2207676.2208544},
	Bdsk-Url-2 = {http://dx.doi.org/10.1145/2207676.2208544}}

@inproceedings{forget2007persuasion,
	Author = {Forget, Alain and Chiasson, Sonia and Biddle, Robert},
	Booktitle = {World Conference on E-Learning in Corporate, Government, Healthcare, and Higher Education},
	Date-Added = {2015-09-11 16:18:54 +0000},
	Date-Modified = {2015-09-11 16:18:54 +0000},
	Number = {1},
	Pages = {822--829},
	Title = {Persuasion as education for computer security},
	Volume = {2007},
	Year = {2007},
	Bdsk-File-1 = {YnBsaXN0MDDUAQIDBAUGJCVYJHZlcnNpb25YJG9iamVjdHNZJGFyY2hpdmVyVCR0b3ASAAGGoKgHCBMUFRYaIVUkbnVsbNMJCgsMDxJXTlMua2V5c1pOUy5vYmplY3RzViRjbGFzc6INDoACgAOiEBGABIAFgAdccmVsYXRpdmVQYXRoWWFsaWFzRGF0YV8QQy4uLy4uL1BhcGVycy9wYXNzd29yZHMgc2VjdXJpdHkgYW5kIHVzYWJpbGl0eS9Gb3JnZXRfRUxlYXJuMjAwNy5wZGbSFwsYGVdOUy5kYXRhTxEB8AAAAAAB8AACAAAMTWFjaW50b3NoIEhEAAAAAAAAAAAAAAAAAAAAzyiwX0grAAAA/sRrFUZvcmdldF9FTGVhcm4yMDA3LnBkZgAAAAAAAAAAAAAAAAAAAAAAAAAAAAAAAAAAAAAAAAAAAAAAAAAAAAAAAAEEY2rSGMv+AAAAAAAAAAAAAgADAAAJIAAAAAAAAAAAAAAAAAAAAB9wYXNzd29yZHMgc2VjdXJpdHkgYW5kIHUjRkVDNDZCAAAQAAgAAM8ook8AAAARAAgAANIYr94AAAABABAA/sRrAP7BgwAI/OIAAmXaAAIAWU1hY2ludG9zaCBIRDpVc2VyczoAYWxleGE6AFBhcGVyczoAcGFzc3dvcmRzIHNlY3VyaXR5IGFuZCB1I0ZFQzQ2QjoARm9yZ2V0X0VMZWFybjIwMDcucGRmAAAOACwAFQBGAG8AcgBnAGUAdABfAEUATABlAGEAcgBuADIAMAAwADcALgBwAGQAZgAPABoADABNAGEAYwBpAG4AdABvAHMAaAAgAEgARAASAElVc2Vycy9hbGV4YS9QYXBlcnMvcGFzc3dvcmRzIHNlY3VyaXR5IGFuZCB1c2FiaWxpdHkvRm9yZ2V0X0VMZWFybjIwMDcucGRmAAATAAEvAAAVAAIADP//AACABtIbHB0eWiRjbGFzc25hbWVYJGNsYXNzZXNdTlNNdXRhYmxlRGF0YaMdHyBWTlNEYXRhWE5TT2JqZWN00hscIiNcTlNEaWN0aW9uYXJ5oiIgXxAPTlNLZXllZEFyY2hpdmVy0SYnVHJvb3SAAQAIABEAGgAjAC0AMgA3AEAARgBNAFUAYABnAGoAbABuAHEAcwB1AHcAhACOANQA2QDhAtUC1wLcAucC8AL+AwIDCQMSAxcDJAMnAzkDPANBAAAAAAAAAgEAAAAAAAAAKAAAAAAAAAAAAAAAAAAAA0M=}}

@article{prasathgraphical,
	Author = {Prasath, V and Buvanesvari, R and Nithin, P and Banu, S and Rajeswari, K},
	Date-Added = {2015-09-11 16:15:12 +0000},
	Date-Modified = {2015-09-11 16:15:12 +0000},
	Title = {Graphical Password Authentication Using Persuasive Cued Click-Points Mechanism},
	Bdsk-File-1 = {YnBsaXN0MDDUAQIDBAUGJCVYJHZlcnNpb25YJG9iamVjdHNZJGFyY2hpdmVyVCR0b3ASAAGGoKgHCBMUFRYaIVUkbnVsbNMJCgsMDxJXTlMua2V5c1pOUy5vYmplY3RzViRjbGFzc6INDoACgAOiEBGABIAFgAdccmVsYXRpdmVQYXRoWWFsaWFzRGF0YV8QMC4uLy4uL1BhcGVycy9ncmFwaGljYWwgcGFzc3dvcmRzL0YxOTcxMDEzNjE0LnBkZtIXCxgZV05TLmRhdGFPEQGyAAAAAAGyAAIAAAxNYWNpbnRvc2ggSEQAAAAAAAAAAAAAAAAAAADPKLBfSCsAAAD+1CkPRjE5NzEwMTM2MTQucGRmAAAAAAAAAAAAAAAAAAAAAAAAAAAAAAAAAAAAAAAAAAAAAAAAAAAAAAAAAAAAAAAAAQRZ9tIYyrYAAAAAAAAAAAACAAMAAAkgAAAAAAAAAAAAAAAAAAAAE2dyYXBoaWNhbCBwYXNzd29yZHMAABAACAAAzyiiTwAAABEACAAA0hiulgAAAAEAEAD+1CkA/sGDAAj84gACZdoAAgBHTWFjaW50b3NoIEhEOlVzZXJzOgBhbGV4YToAUGFwZXJzOgBncmFwaGljYWwgcGFzc3dvcmRzOgBGMTk3MTAxMzYxNC5wZGYAAA4AIAAPAEYAMQA5ADcAMQAwADEAMwA2ADEANAAuAHAAZABmAA8AGgAMAE0AYQBjAGkAbgB0AG8AcwBoACAASABEABIANlVzZXJzL2FsZXhhL1BhcGVycy9ncmFwaGljYWwgcGFzc3dvcmRzL0YxOTcxMDEzNjE0LnBkZgATAAEvAAAVAAIADP//AACABtIbHB0eWiRjbGFzc25hbWVYJGNsYXNzZXNdTlNNdXRhYmxlRGF0YaMdHyBWTlNEYXRhWE5TT2JqZWN00hscIiNcTlNEaWN0aW9uYXJ5oiIgXxAPTlNLZXllZEFyY2hpdmVy0SYnVHJvb3SAAQAIABEAGgAjAC0AMgA3AEAARgBNAFUAYABnAGoAbABuAHEAcwB1AHcAhACOAMEAxgDOAoQChgKLApYCnwKtArECuALBAsYC0wLWAugC6wLwAAAAAAAAAgEAAAAAAAAAKAAAAAAAAAAAAAAAAAAAAvI=}}

@inproceedings{Forget:2008:ITP:1408664.1408666,
	Acmid = {1408666},
	Address = {New York, NY, USA},
	Author = {Forget, Alain and Chiasson, Sonia and van Oorschot, P. C. and Biddle, Robert},
	Booktitle = {Proceedings of the 4th Symposium on Usable Privacy and Security},
	Date-Added = {2015-09-11 16:06:55 +0000},
	Date-Modified = {2015-09-11 16:06:55 +0000},
	Doi = {10.1145/1408664.1408666},
	Isbn = {978-1-60558-276-4},
	Keywords = {authentication, passwords, persuasive technology, usable security},
	Location = {Pittsburgh, Pennsylvania, USA},
	Numpages = {12},
	Pages = {1--12},
	Publisher = {ACM},
	Series = {SOUPS '08},
	Title = {Improving Text Passwords Through Persuasion},
	Url = {http://doi.acm.org/10.1145/1408664.1408666},
	Year = {2008},
	Bdsk-File-1 = {YnBsaXN0MDDUAQIDBAUGJCVYJHZlcnNpb25YJG9iamVjdHNZJGFyY2hpdmVyVCR0b3ASAAGGoKgHCBMUFRYaIVUkbnVsbNMJCgsMDxJXTlMua2V5c1pOUy5vYmplY3RzViRjbGFzc6INDoACgAOiEBGABIAFgAdccmVsYXRpdmVQYXRoWWFsaWFzRGF0YV8QOy4uLy4uL1BhcGVycy9wYXNzd29yZHMgc2VjdXJpdHkgYW5kIHVzYWJpbGl0eS9wMS1mb3JnZXQucGRm0hcLGBlXTlMuZGF0YU8RAdAAAAAAAdAAAgAADE1hY2ludG9zaCBIRAAAAAAAAAAAAAAAAAAAAM8osF9IKwAAAP7Eaw1wMS1mb3JnZXQucGRmAAAAAAAAAAAAAAAAAAAAAAAAAAAAAAAAAAAAAAAAAAAAAAAAAAAAAAAAAAAAAAAAAAABBEpy0hjIrQAAAAAAAAAAAAIAAwAACSAAAAAAAAAAAAAAAAAAAAAfcGFzc3dvcmRzIHNlY3VyaXR5IGFuZCB1I0ZFQzQ2QgAAEAAIAADPKKJPAAAAEQAIAADSGKyNAAAAAQAQAP7EawD+wYMACPziAAJl2gACAFFNYWNpbnRvc2ggSEQ6VXNlcnM6AGFsZXhhOgBQYXBlcnM6AHBhc3N3b3JkcyBzZWN1cml0eSBhbmQgdSNGRUM0NkI6AHAxLWZvcmdldC5wZGYAAA4AHAANAHAAMQAtAGYAbwByAGcAZQB0AC4AcABkAGYADwAaAAwATQBhAGMAaQBuAHQAbwBzAGgAIABIAEQAEgBBVXNlcnMvYWxleGEvUGFwZXJzL3Bhc3N3b3JkcyBzZWN1cml0eSBhbmQgdXNhYmlsaXR5L3AxLWZvcmdldC5wZGYAABMAAS8AABUAAgAM//8AAIAG0hscHR5aJGNsYXNzbmFtZVgkY2xhc3Nlc11OU011dGFibGVEYXRhox0fIFZOU0RhdGFYTlNPYmplY3TSGxwiI1xOU0RpY3Rpb25hcnmiIiBfEA9OU0tleWVkQXJjaGl2ZXLRJidUcm9vdIABAAgAEQAaACMALQAyADcAQABGAE0AVQBgAGcAagBsAG4AcQBzAHUAdwCEAI4AzADRANkCrQKvArQCvwLIAtYC2gLhAuoC7wL8Av8DEQMUAxkAAAAAAAACAQAAAAAAAAAoAAAAAAAAAAAAAAAAAAADGw==},
	Bdsk-Url-1 = {http://doi.acm.org/10.1145/1408664.1408666},
	Bdsk-Url-2 = {http://dx.doi.org/10.1145/1408664.1408666}}

@incollection{forget2008persuasion,
	Author = {Forget, Alain and Chiasson, Sonia and van Oorschot, Paul C and Biddle, Robert},
	Booktitle = {Persuasive Technology},
	Date-Added = {2015-09-11 16:04:54 +0000},
	Date-Modified = {2015-09-11 16:04:54 +0000},
	Pages = {140--150},
	Publisher = {Springer},
	Title = {Persuasion for stronger passwords: Motivation and pilot study},
	Year = {2008},
	Bdsk-File-1 = {YnBsaXN0MDDUAQIDBAUGJCVYJHZlcnNpb25YJG9iamVjdHNZJGFyY2hpdmVyVCR0b3ASAAGGoKgHCBMUFRYaIVUkbnVsbNMJCgsMDxJXTlMua2V5c1pOUy5vYmplY3RzViRjbGFzc6INDoACgAOiEBGABIAFgAdccmVsYXRpdmVQYXRoWWFsaWFzRGF0YV8QPy4uLy4uL1BhcGVycy9wYXNzd29yZHMgc2VjdXJpdHkgYW5kIHVzYWJpbGl0eS9Gb3JnZXRfUFQyMDA4LnBkZtIXCxgZV05TLmRhdGFPEQHgAAAAAAHgAAIAAAxNYWNpbnRvc2ggSEQAAAAAAAAAAAAAAAAAAADPKLBfSCsAAAD+xGsRRm9yZ2V0X1BUMjAwOC5wZGYAAAAAAAAAAAAAAAAAAAAAAAAAAAAAAAAAAAAAAAAAAAAAAAAAAAAAAAAAAAAAAQQ8UtIYx2UAAAAAAAAAAAACAAMAAAkgAAAAAAAAAAAAAAAAAAAAH3Bhc3N3b3JkcyBzZWN1cml0eSBhbmQgdSNGRUM0NkIAABAACAAAzyiiTwAAABEACAAA0hirRQAAAAEAEAD+xGsA/sGDAAj84gACZdoAAgBVTWFjaW50b3NoIEhEOlVzZXJzOgBhbGV4YToAUGFwZXJzOgBwYXNzd29yZHMgc2VjdXJpdHkgYW5kIHUjRkVDNDZCOgBGb3JnZXRfUFQyMDA4LnBkZgAADgAkABEARgBvAHIAZwBlAHQAXwBQAFQAMgAwADAAOAAuAHAAZABmAA8AGgAMAE0AYQBjAGkAbgB0AG8AcwBoACAASABEABIARVVzZXJzL2FsZXhhL1BhcGVycy9wYXNzd29yZHMgc2VjdXJpdHkgYW5kIHVzYWJpbGl0eS9Gb3JnZXRfUFQyMDA4LnBkZgAAEwABLwAAFQACAAz//wAAgAbSGxwdHlokY2xhc3NuYW1lWCRjbGFzc2VzXU5TTXV0YWJsZURhdGGjHR8gVk5TRGF0YVhOU09iamVjdNIbHCIjXE5TRGljdGlvbmFyeaIiIF8QD05TS2V5ZWRBcmNoaXZlctEmJ1Ryb290gAEACAARABoAIwAtADIANwBAAEYATQBVAGAAZwBqAGwAbgBxAHMAdQB3AIQAjgDQANUA3QLBAsMCyALTAtwC6gLuAvUC/gMDAxADEwMlAygDLQAAAAAAAAIBAAAAAAAAACgAAAAAAAAAAAAAAAAAAAMv}}

@inproceedings{Weirich:2001:PPS:634067.634152,
	Acmid = {634152},
	Address = {New York, NY, USA},
	Author = {Weirich, Dirk and Sasse, Martina Angela},
	Booktitle = {CHI '01 Extended Abstracts on Human Factors in Computing Systems},
	Date-Added = {2015-09-11 15:54:20 +0000},
	Date-Modified = {2015-09-11 15:54:20 +0000},
	Doi = {10.1145/634067.634152},
	Isbn = {1-58113-340-5},
	Keywords = {discourse analysis, passwords, security},
	Location = {Seattle, Washington},
	Numpages = {2},
	Pages = {139--140},
	Publisher = {ACM},
	Series = {CHI EA '01},
	Title = {Persuasive Password Security},
	Url = {http://doi.acm.org/10.1145/634067.634152},
	Year = {2001},
	Bdsk-File-1 = {YnBsaXN0MDDUAQIDBAUGJCVYJHZlcnNpb25YJG9iamVjdHNZJGFyY2hpdmVyVCR0b3ASAAGGoKgHCBMUFRYaIVUkbnVsbNMJCgsMDxJXTlMua2V5c1pOUy5vYmplY3RzViRjbGFzc6INDoACgAOiEBGABIAFgAdccmVsYXRpdmVQYXRoWWFsaWFzRGF0YV8QJy4uLy4uL1BhcGVycy9wYXNzd29yZHMvcDEzOS13ZWlyaWNoLnBkZtIXCxgZV05TLmRhdGFPEQGYAAAAAAGYAAIAAAxNYWNpbnRvc2ggSEQAAAAAAAAAAAAAAAAAAADPKLBfSCsAAAD+xOQQcDEzOS13ZWlyaWNoLnBkZgAAAAAAAAAAAAAAAAAAAAAAAAAAAAAAAAAAAAAAAAAAAAAAAAAAAAAAAAAAAAAAAQQyNNIYxeoAAAAAAAAAAAACAAMAAAkgAAAAAAAAAAAAAAAAAAAACXBhc3N3b3JkcwAAEAAIAADPKKJPAAAAEQAIAADSGKnKAAAAAQAQAP7E5AD+wYMACPziAAJl2gACAD5NYWNpbnRvc2ggSEQ6VXNlcnM6AGFsZXhhOgBQYXBlcnM6AHBhc3N3b3JkczoAcDEzOS13ZWlyaWNoLnBkZgAOACIAEABwADEAMwA5AC0AdwBlAGkAcgBpAGMAaAAuAHAAZABmAA8AGgAMAE0AYQBjAGkAbgB0AG8AcwBoACAASABEABIALVVzZXJzL2FsZXhhL1BhcGVycy9wYXNzd29yZHMvcDEzOS13ZWlyaWNoLnBkZgAAEwABLwAAFQACAAz//wAAgAbSGxwdHlokY2xhc3NuYW1lWCRjbGFzc2VzXU5TTXV0YWJsZURhdGGjHR8gVk5TRGF0YVhOU09iamVjdNIbHCIjXE5TRGljdGlvbmFyeaIiIF8QD05TS2V5ZWRBcmNoaXZlctEmJ1Ryb290gAEACAARABoAIwAtADIANwBAAEYATQBVAGAAZwBqAGwAbgBxAHMAdQB3AIQAjgC4AL0AxQJhAmMCaAJzAnwCigKOApUCngKjArACswLFAsgCzQAAAAAAAAIBAAAAAAAAACgAAAAAAAAAAAAAAAAAAALP},
	Bdsk-Url-1 = {http://doi.acm.org/10.1145/634067.634152},
	Bdsk-Url-2 = {http://dx.doi.org/10.1145/634067.634152}}

@inproceedings{Dandapat:2015:AYD:2702123.2702457,
	Acmid = {2702457},
	Address = {New York, NY, USA},
	Author = {Dandapat, Sourav Kumar and Pradhan, Swadhin and Mitra, Bivas and Roy Choudhury, Romit and Ganguly, Niloy},
	Booktitle = {Proceedings of the 33rd Annual ACM Conference on Human Factors in Computing Systems},
	Date-Added = {2015-09-11 15:39:09 +0000},
	Date-Modified = {2015-09-11 15:39:09 +0000},
	Doi = {10.1145/2702123.2702457},
	Isbn = {978-1-4503-3145-6},
	Keywords = {activity-based password, dynamic authentication, outliers, password sharing},
	Location = {Seoul, Republic of Korea},
	Numpages = {10},
	Pages = {2325--2334},
	Publisher = {ACM},
	Series = {CHI '15},
	Title = {ActivPass: Your Daily Activity is Your Password},
	Url = {http://doi.acm.org/10.1145/2702123.2702457},
	Year = {2015},
	Bdsk-File-1 = {YnBsaXN0MDDUAQIDBAUGJCVYJHZlcnNpb25YJG9iamVjdHNZJGFyY2hpdmVyVCR0b3ASAAGGoKgHCBMUFRYaIVUkbnVsbNMJCgsMDxJXTlMua2V5c1pOUy5vYmplY3RzViRjbGFzc6INDoACgAOiEBGABIAFgAdccmVsYXRpdmVQYXRoWWFsaWFzRGF0YV8QMC4uLy4uL1BhcGVycy9wYXNzd29yZCBhbHRlcm5hdGl2ZXMvYWN0aXZwYXNzLnBkZtIXCxgZV05TLmRhdGFPEQGwAAAAAAGwAAIAAAxNYWNpbnRvc2ggSEQAAAAAAAAAAAAAAAAAAADPKLBfSCsAAAEEJOENYWN0aXZwYXNzLnBkZgAAAAAAAAAAAAAAAAAAAAAAAAAAAAAAAAAAAAAAAAAAAAAAAAAAAAAAAAAAAAAAAAAAAQQk19IYwe4AAAAAAAAAAAACAAMAAAkgAAAAAAAAAAAAAAAAAAAAFXBhc3N3b3JkIGFsdGVybmF0aXZlcwAAEAAIAADPKKJPAAAAEQAIAADSGKXOAAAAAQAQAQQk4QD+wYMACPziAAJl2gACAEdNYWNpbnRvc2ggSEQ6VXNlcnM6AGFsZXhhOgBQYXBlcnM6AHBhc3N3b3JkIGFsdGVybmF0aXZlczoAYWN0aXZwYXNzLnBkZgAADgAcAA0AYQBjAHQAaQB2AHAAYQBzAHMALgBwAGQAZgAPABoADABNAGEAYwBpAG4AdABvAHMAaAAgAEgARAASADZVc2Vycy9hbGV4YS9QYXBlcnMvcGFzc3dvcmQgYWx0ZXJuYXRpdmVzL2FjdGl2cGFzcy5wZGYAEwABLwAAFQACAAz//wAAgAbSGxwdHlokY2xhc3NuYW1lWCRjbGFzc2VzXU5TTXV0YWJsZURhdGGjHR8gVk5TRGF0YVhOU09iamVjdNIbHCIjXE5TRGljdGlvbmFyeaIiIF8QD05TS2V5ZWRBcmNoaXZlctEmJ1Ryb290gAEACAARABoAIwAtADIANwBAAEYATQBVAGAAZwBqAGwAbgBxAHMAdQB3AIQAjgDBAMYAzgKCAoQCiQKUAp0CqwKvArYCvwLEAtEC1ALmAukC7gAAAAAAAAIBAAAAAAAAACgAAAAAAAAAAAAAAAAAAALw},
	Bdsk-Url-1 = {http://doi.acm.org/10.1145/2702123.2702457},
	Bdsk-Url-2 = {http://dx.doi.org/10.1145/2702123.2702457}}

@inproceedings{thorpe2004towards,
	Author = {Thorpe, Julie and Van Oorschot, Paul C},
	Booktitle = {Computer Security Applications Conference, 2004. 20th Annual},
	Date-Added = {2015-09-11 09:09:34 +0000},
	Date-Modified = {2015-09-11 09:09:34 +0000},
	Organization = {IEEE},
	Pages = {50--60},
	Title = {Towards secure design choices for implementing graphical passwords},
	Year = {2004},
	Bdsk-File-1 = {YnBsaXN0MDDUAQIDBAUGJCVYJHZlcnNpb25YJG9iamVjdHNZJGFyY2hpdmVyVCR0b3ASAAGGoKgHCBMUFRYaIVUkbnVsbNMJCgsMDxJXTlMua2V5c1pOUy5vYmplY3RzViRjbGFzc6INDoACgAOiEBGABIAFgAdccmVsYXRpdmVQYXRoWWFsaWFzRGF0YV8QMS4uLy4uL1BhcGVycy9ncmFwaGljYWwgcGFzc3dvcmRzLzk3OC05NzYtMS1QQi5wZGbSFwsYGVdOUy5kYXRhTxEBtgAAAAABtgACAAAMTWFjaW50b3NoIEhEAAAAAAAAAAAAAAAAAAAAzyiwX0grAAAA/tQpEDk3OC05NzYtMS1QQi5wZGYAAAAAAAAAAAAAAAAAAAAAAAAAAAAAAAAAAAAAAAAAAAAAAAAAAAAAAAAAAAAAAAEGAJrSGGciAAAAAAAAAAAAAgADAAAJIAAAAAAAAAAAAAAAAAAAABNncmFwaGljYWwgcGFzc3dvcmRzAAAQAAgAAM8ook8AAAARAAgAANIYSwIAAAABABAA/tQpAP7BgwAI/OIAAmXaAAIASE1hY2ludG9zaCBIRDpVc2VyczoAYWxleGE6AFBhcGVyczoAZ3JhcGhpY2FsIHBhc3N3b3JkczoAOTc4LTk3Ni0xLVBCLnBkZgAOACIAEAA5ADcAOAAtADkANwA2AC0AMQAtAFAAQgAuAHAAZABmAA8AGgAMAE0AYQBjAGkAbgB0AG8AcwBoACAASABEABIAN1VzZXJzL2FsZXhhL1BhcGVycy9ncmFwaGljYWwgcGFzc3dvcmRzLzk3OC05NzYtMS1QQi5wZGYAABMAAS8AABUAAgAM//8AAIAG0hscHR5aJGNsYXNzbmFtZVgkY2xhc3Nlc11OU011dGFibGVEYXRhox0fIFZOU0RhdGFYTlNPYmplY3TSGxwiI1xOU0RpY3Rpb25hcnmiIiBfEA9OU0tleWVkQXJjaGl2ZXLRJidUcm9vdIABAAgAEQAaACMALQAyADcAQABGAE0AVQBgAGcAagBsAG4AcQBzAHUAdwCEAI4AwgDHAM8CiQKLApACmwKkArICtgK9AsYCywLYAtsC7QLwAvUAAAAAAAACAQAAAAAAAAAoAAAAAAAAAAAAAAAAAAAC9w==}}

@article{tao2008pass,
	Author = {Tao, Hai and Adams, Carlisle},
	Date-Added = {2015-09-11 09:03:24 +0000},
	Date-Modified = {2015-09-11 09:03:24 +0000},
	Journal = {IJ Network Security},
	Number = {2},
	Pages = {273--292},
	Title = {Pass-Go: A Proposal to Improve the Usability of Graphical Passwords.},
	Volume = {7},
	Year = {2008},
	Bdsk-File-1 = {YnBsaXN0MDDUAQIDBAUGJCVYJHZlcnNpb25YJG9iamVjdHNZJGFyY2hpdmVyVCR0b3ASAAGGoKgHCBMUFRYaIVUkbnVsbNMJCgsMDxJXTlMua2V5c1pOUy5vYmplY3RzViRjbGFzc6INDoACgAOiEBGABIAFgAdccmVsYXRpdmVQYXRoWWFsaWFzRGF0YV8QPS4uLy4uL1BhcGVycy9ncmFwaGljYWwgcGFzc3dvcmRzL2lqbnMtMjAwOC12Ny1uMi1wMjczLTI5Mi5wZGbSFwsYGVdOUy5kYXRhTxEB5gAAAAAB5gACAAAMTWFjaW50b3NoIEhEAAAAAAAAAAAAAAAAAAAAzyiwX0grAAAA/tQpHGlqbnMtMjAwOC12Ny1uMi1wMjczLTI5Mi5wZGYAAAAAAAAAAAAAAAAAAAAAAAAAAAAAAAAAAAAAAAAAAAAAAAED4gzSGGXZAAAAAAAAAAAAAgADAAAJIAAAAAAAAAAAAAAAAAAAABNncmFwaGljYWwgcGFzc3dvcmRzAAAQAAgAAM8ook8AAAARAAgAANIYSbkAAAABABAA/tQpAP7BgwAI/OIAAmXaAAIAVE1hY2ludG9zaCBIRDpVc2VyczoAYWxleGE6AFBhcGVyczoAZ3JhcGhpY2FsIHBhc3N3b3JkczoAaWpucy0yMDA4LXY3LW4yLXAyNzMtMjkyLnBkZgAOADoAHABpAGoAbgBzAC0AMgAwADAAOAAtAHYANwAtAG4AMgAtAHAAMgA3ADMALQAyADkAMgAuAHAAZABmAA8AGgAMAE0AYQBjAGkAbgB0AG8AcwBoACAASABEABIAQ1VzZXJzL2FsZXhhL1BhcGVycy9ncmFwaGljYWwgcGFzc3dvcmRzL2lqbnMtMjAwOC12Ny1uMi1wMjczLTI5Mi5wZGYAABMAAS8AABUAAgAM//8AAIAG0hscHR5aJGNsYXNzbmFtZVgkY2xhc3Nlc11OU011dGFibGVEYXRhox0fIFZOU0RhdGFYTlNPYmplY3TSGxwiI1xOU0RpY3Rpb25hcnmiIiBfEA9OU0tleWVkQXJjaGl2ZXLRJidUcm9vdIABAAgAEQAaACMALQAyADcAQABGAE0AVQBgAGcAagBsAG4AcQBzAHUAdwCEAI4AzgDTANsCxQLHAswC1wLgAu4C8gL5AwIDBwMUAxcDKQMsAzEAAAAAAAACAQAAAAAAAAAoAAAAAAAAAAAAAAAAAAADMw==}}

@phdthesis{van2014studying,
	Author = {Van Bruggen, Dirk C},
	Date-Added = {2015-09-11 08:50:11 +0000},
	Date-Modified = {2015-09-11 08:50:11 +0000},
	School = {University of Notre Dame},
	Title = {Studying the Impact of Security Awareness Efforts on User Behavior},
	Year = {2014},
	Bdsk-File-1 = {YnBsaXN0MDDUAQIDBAUGJCVYJHZlcnNpb25YJG9iamVjdHNZJGFyY2hpdmVyVCR0b3ASAAGGoKgHCBMUFRYaIVUkbnVsbNMJCgsMDxJXTlMua2V5c1pOUy5vYmplY3RzViRjbGFzc6INDoACgAOiEBGABIAFgAdccmVsYXRpdmVQYXRoWWFsaWFzRGF0YV8QPy4uLy4uL1BhcGVycy9hbmRyb2lkIGdyYXBoaWNhbCB1bmxvY2tlci9WYW5CcnVnZ2VuREMwMzIwMTRELnBkZtIXCxgZV05TLmRhdGFPEQHmAAAAAAHmAAIAAAxNYWNpbnRvc2ggSEQAAAAAAAAAAAAAAAAAAADPKLBfSCsAAAD+xGIXVmFuQnJ1Z2dlbkRDMDMyMDE0RC5wZGYAAAAAAAAAAAAAAAAAAAAAAAAAAAAAAAAAAAAAAAAAAAAAAAAAAAAAAQXqR9IYYiQAAAAAAAAAAAACAAMAAAkgAAAAAAAAAAAAAAAAAAAAGmFuZHJvaWQgZ3JhcGhpY2FsIHVubG9ja2VyABAACAAAzyiiTwAAABEACAAA0hhGBAAAAAEAEAD+xGIA/sGDAAj84gACZdoAAgBWTWFjaW50b3NoIEhEOlVzZXJzOgBhbGV4YToAUGFwZXJzOgBhbmRyb2lkIGdyYXBoaWNhbCB1bmxvY2tlcjoAVmFuQnJ1Z2dlbkRDMDMyMDE0RC5wZGYADgAwABcAVgBhAG4AQgByAHUAZwBnAGUAbgBEAEMAMAAzADIAMAAxADQARAAuAHAAZABmAA8AGgAMAE0AYQBjAGkAbgB0AG8AcwBoACAASABEABIARVVzZXJzL2FsZXhhL1BhcGVycy9hbmRyb2lkIGdyYXBoaWNhbCB1bmxvY2tlci9WYW5CcnVnZ2VuREMwMzIwMTRELnBkZgAAEwABLwAAFQACAAz//wAAgAbSGxwdHlokY2xhc3NuYW1lWCRjbGFzc2VzXU5TTXV0YWJsZURhdGGjHR8gVk5TRGF0YVhOU09iamVjdNIbHCIjXE5TRGljdGlvbmFyeaIiIF8QD05TS2V5ZWRBcmNoaXZlctEmJ1Ryb290gAEACAARABoAIwAtADIANwBAAEYATQBVAGAAZwBqAGwAbgBxAHMAdQB3AIQAjgDQANUA3QLHAskCzgLZAuIC8AL0AvsDBAMJAxYDGQMrAy4DMwAAAAAAAAIBAAAAAAAAACgAAAAAAAAAAAAAAAAAAAM1}}

@inproceedings{Jermyn:1999:DAG:1251421.1251422,
	Acmid = {1251422},
	Address = {Berkeley, CA, USA},
	Annote = {for referencing DAS},
	Author = {Jermyn, Ian and Mayer, Alain and Monrose, Fabian and Reiter, Michael K. and Rubin, Aviel D.},
	Booktitle = {Proceedings of the 8th Conference on USENIX Security Symposium - Volume 8},
	Date-Added = {2015-09-11 08:45:28 +0000},
	Date-Modified = {2015-09-11 08:45:39 +0000},
	Location = {Washington, D.C.},
	Numpages = {1},
	Pages = {1--1},
	Publisher = {USENIX Association},
	Series = {SSYM'99},
	Title = {The Design and Analysis of Graphical Passwords},
	Url = {http://dl.acm.org/citation.cfm?id=1251421.1251422},
	Year = {1999},
	Bdsk-File-1 = {YnBsaXN0MDDUAQIDBAUGJCVYJHZlcnNpb25YJG9iamVjdHNZJGFyY2hpdmVyVCR0b3ASAAGGoKgHCBMUFRYaIVUkbnVsbNMJCgsMDxJXTlMua2V5c1pOUy5vYmplY3RzViRjbGFzc6INDoACgAOiEBGABIAFgAdccmVsYXRpdmVQYXRoWWFsaWFzRGF0YV8QKy4uLy4uL1BhcGVycy9ncmFwaGljYWwgcGFzc3dvcmRzL2plcm15bi5wZGbSFwsYGVdOUy5kYXRhTxEBngAAAAABngACAAAMTWFjaW50b3NoIEhEAAAAAAAAAAAAAAAAAAAAzyiwX0grAAAA/tQpCmplcm15bi5wZGYAAAAAAAAAAAAAAAAAAAAAAAAAAAAAAAAAAAAAAAAAAAAAAAAAAAAAAAAAAAAAAAAAAAAAAAED1BXSGGEuAAAAAAAAAAAAAgADAAAJIAAAAAAAAAAAAAAAAAAAABNncmFwaGljYWwgcGFzc3dvcmRzAAAQAAgAAM8ook8AAAARAAgAANIYRQ4AAAABABAA/tQpAP7BgwAI/OIAAmXaAAIAQk1hY2ludG9zaCBIRDpVc2VyczoAYWxleGE6AFBhcGVyczoAZ3JhcGhpY2FsIHBhc3N3b3JkczoAamVybXluLnBkZgAOABYACgBqAGUAcgBtAHkAbgAuAHAAZABmAA8AGgAMAE0AYQBjAGkAbgB0AG8AcwBoACAASABEABIAMVVzZXJzL2FsZXhhL1BhcGVycy9ncmFwaGljYWwgcGFzc3dvcmRzL2plcm15bi5wZGYAABMAAS8AABUAAgAM//8AAIAG0hscHR5aJGNsYXNzbmFtZVgkY2xhc3Nlc11OU011dGFibGVEYXRhox0fIFZOU0RhdGFYTlNPYmplY3TSGxwiI1xOU0RpY3Rpb25hcnmiIiBfEA9OU0tleWVkQXJjaGl2ZXLRJidUcm9vdIABAAgAEQAaACMALQAyADcAQABGAE0AVQBgAGcAagBsAG4AcQBzAHUAdwCEAI4AvADBAMkCawJtAnICfQKGApQCmAKfAqgCrQK6Ar0CzwLSAtcAAAAAAAACAQAAAAAAAAAoAAAAAAAAAAAAAAAAAAAC2Q==},
	Bdsk-Url-1 = {http://dl.acm.org/citation.cfm?id=1251421.1251422}}

@article{siadati2015fortifying,
	Author = {Siadati, Hossein and Memon, Nasir},
	Date-Added = {2015-09-10 23:45:01 +0000},
	Date-Modified = {2015-09-10 23:46:40 +0000},
	Read = {1},
	Title = {Fortifying Android Patterns using Persuasive Security Framework},
	Year = {2015},
	Bdsk-File-1 = {YnBsaXN0MDDUAQIDBAUGJCVYJHZlcnNpb25YJG9iamVjdHNZJGFyY2hpdmVyVCR0b3ASAAGGoKgHCBMUFRYaIVUkbnVsbNMJCgsMDxJXTlMua2V5c1pOUy5vYmplY3RzViRjbGFzc6INDoACgAOiEBGABIAFgAdccmVsYXRpdmVQYXRoWWFsaWFzRGF0YV8QPC4uLy4uL1BhcGVycy9hbmRyb2lkIGdyYXBoaWNhbCB1bmxvY2tlci9ob3NzZWluLXF1YWxleGFtLnBkZtIXCxgZV05TLmRhdGFPEQHaAAAAAAHaAAIAAAxNYWNpbnRvc2ggSEQAAAAAAAAAAAAAAAAAAADPKLBfSCsAAAD+xGIUaG9zc2Vpbi1xdWFsZXhhbS5wZGYAAAAAAAAAAAAAAAAAAAAAAAAAAAAAAAAAAAAAAAAAAAAAAAAAAAAAAAAAAQOiudIFBaoAAAAAAAAAAAACAAMAAAkgAAAAAAAAAAAAAAAAAAAAGmFuZHJvaWQgZ3JhcGhpY2FsIHVubG9ja2VyABAACAAAzyiiTwAAABEACAAA0gTpigAAAAEAEAD+xGIA/sGDAAj84gACZdoAAgBTTWFjaW50b3NoIEhEOlVzZXJzOgBhbGV4YToAUGFwZXJzOgBhbmRyb2lkIGdyYXBoaWNhbCB1bmxvY2tlcjoAaG9zc2Vpbi1xdWFsZXhhbS5wZGYAAA4AKgAUAGgAbwBzAHMAZQBpAG4ALQBxAHUAYQBsAGUAeABhAG0ALgBwAGQAZgAPABoADABNAGEAYwBpAG4AdABvAHMAaAAgAEgARAASAEJVc2Vycy9hbGV4YS9QYXBlcnMvYW5kcm9pZCBncmFwaGljYWwgdW5sb2NrZXIvaG9zc2Vpbi1xdWFsZXhhbS5wZGYAEwABLwAAFQACAAz//wAAgAbSGxwdHlokY2xhc3NuYW1lWCRjbGFzc2VzXU5TTXV0YWJsZURhdGGjHR8gVk5TRGF0YVhOU09iamVjdNIbHCIjXE5TRGljdGlvbmFyeaIiIF8QD05TS2V5ZWRBcmNoaXZlctEmJ1Ryb290gAEACAARABoAIwAtADIANwBAAEYATQBVAGAAZwBqAGwAbgBxAHMAdQB3AIQAjgDNANIA2gK4AroCvwLKAtMC4QLlAuwC9QL6AwcDCgMcAx8DJAAAAAAAAAIBAAAAAAAAACgAAAAAAAAAAAAAAAAAAAMm}}

@article{Oorschot:2008:PMU:1284680.1284685,
	Acmid = {1284685},
	Address = {New York, NY, USA},
	Articleno = {5},
	Author = {Oorschot, P. C. van and Thorpe, Julie},
	Date-Added = {2015-09-10 21:31:42 +0000},
	Date-Modified = {2015-09-10 21:31:42 +0000},
	Doi = {10.1145/1284680.1284685},
	Issn = {1094-9224},
	Issue_Date = {January 2008},
	Journal = {ACM Trans. Inf. Syst. Secur.},
	Keywords = {Draw-a-Secret, Graphical passwords, dictionary attack, graphical dictionary, memorable passwords, modeling user choice, password complexity factors},
	Month = jan,
	Number = {4},
	Numpages = {33},
	Pages = {5:1--5:33},
	Publisher = {ACM},
	Title = {On Predictive Models and User-drawn Graphical Passwords},
	Url = {http://doi.acm.org/10.1145/1284680.1284685},
	Volume = {10},
	Year = {2008},
	Bdsk-File-1 = {YnBsaXN0MDDUAQIDBAUGJCVYJHZlcnNpb25YJG9iamVjdHNZJGFyY2hpdmVyVCR0b3ASAAGGoKgHCBMUFRYaIVUkbnVsbNMJCgsMDxJXTlMua2V5c1pOUy5vYmplY3RzViRjbGFzc6INDoACgAOiEBGABIAFgAdccmVsYXRpdmVQYXRoWWFsaWFzRGF0YV8QMC4uLy4uL1BhcGVycy9ncmFwaGljYWwgcGFzc3dvcmRzL2E1LW9vcnNjaG90LnBkZtIXCxgZV05TLmRhdGFPEQGyAAAAAAGyAAIAAAxNYWNpbnRvc2ggSEQAAAAAAAAAAAAAAAAAAADPKLBfSCsAAAD+1CkPYTUtb29yc2Nob3QucGRmAAAAAAAAAAAAAAAAAAAAAAAAAAAAAAAAAAAAAAAAAAAAAAAAAAAAAAAAAAAAAAAAAQSYttIXw3AAAAAAAAAAAAACAAMAAAkgAAAAAAAAAAAAAAAAAAAAE2dyYXBoaWNhbCBwYXNzd29yZHMAABAACAAAzyiiTwAAABEACAAA0henUAAAAAEAEAD+1CkA/sGDAAj84gACZdoAAgBHTWFjaW50b3NoIEhEOlVzZXJzOgBhbGV4YToAUGFwZXJzOgBncmFwaGljYWwgcGFzc3dvcmRzOgBhNS1vb3JzY2hvdC5wZGYAAA4AIAAPAGEANQAtAG8AbwByAHMAYwBoAG8AdAAuAHAAZABmAA8AGgAMAE0AYQBjAGkAbgB0AG8AcwBoACAASABEABIANlVzZXJzL2FsZXhhL1BhcGVycy9ncmFwaGljYWwgcGFzc3dvcmRzL2E1LW9vcnNjaG90LnBkZgATAAEvAAAVAAIADP//AACABtIbHB0eWiRjbGFzc25hbWVYJGNsYXNzZXNdTlNNdXRhYmxlRGF0YaMdHyBWTlNEYXRhWE5TT2JqZWN00hscIiNcTlNEaWN0aW9uYXJ5oiIgXxAPTlNLZXllZEFyY2hpdmVy0SYnVHJvb3SAAQAIABEAGgAjAC0AMgA3AEAARgBNAFUAYABnAGoAbABuAHEAcwB1AHcAhACOAMEAxgDOAoQChgKLApYCnwKtArECuALBAsYC0wLWAugC6wLwAAAAAAAAAgEAAAAAAAAAKAAAAAAAAAAAAAAAAAAAAvI=},
	Bdsk-Url-1 = {http://doi.acm.org/10.1145/1284680.1284685},
	Bdsk-Url-2 = {http://dx.doi.org/10.1145/1284680.1284685}}

@inproceedings{Andriotis:2013:PSS:2462096.2462098,
	Acmid = {2462098},
	Address = {New York, NY, USA},
	Author = {Andriotis, Panagiotis and Tryfonas, Theo and Oikonomou, George and Yildiz, Can},
	Booktitle = {Proceedings of the Sixth ACM Conference on Security and Privacy in Wireless and Mobile Networks},
	Date-Added = {2015-09-10 20:34:36 +0000},
	Date-Modified = {2015-09-10 23:47:15 +0000},
	Doi = {10.1145/2462096.2462098},
	Isbn = {978-1-4503-1998-0},
	Keywords = {android, pattern lock, smudge attacks, usability},
	Location = {Budapest, Hungary},
	Numpages = {6},
	Pages = {1--6},
	Publisher = {ACM},
	Read = {1},
	Series = {WiSec '13},
	Title = {A Pilot Study on the Security of Pattern Screen-lock Methods and Soft Side Channel Attacks},
	Url = {http://doi.acm.org/10.1145/2462096.2462098},
	Year = {2013},
	Bdsk-File-1 = {YnBsaXN0MDDUAQIDBAUGJCVYJHZlcnNpb25YJG9iamVjdHNZJGFyY2hpdmVyVCR0b3ASAAGGoKgHCBMUFRYaIVUkbnVsbNMJCgsMDxJXTlMua2V5c1pOUy5vYmplY3RzViRjbGFzc6INDoACgAOiEBGABIAFgAdccmVsYXRpdmVQYXRoWWFsaWFzRGF0YV8QOC4uLy4uL1BhcGVycy9hbmRyb2lkIGdyYXBoaWNhbCB1bmxvY2tlci9wMS1hbmRyaW90aXMucGRm0hcLGBlXTlMuZGF0YU8RAcoAAAAAAcoAAgAADE1hY2ludG9zaCBIRAAAAAAAAAAAAAAAAAAAAM8osF9IKwAAAP7EYhBwMS1hbmRyaW90aXMucGRmAAAAAAAAAAAAAAAAAAAAAAAAAAAAAAAAAAAAAAAAAAAAAAAAAAAAAAAAAAAAAAABA6An0he3mwAAAAAAAAAAAAIAAwAACSAAAAAAAAAAAAAAAAAAAAAaYW5kcm9pZCBncmFwaGljYWwgdW5sb2NrZXIAEAAIAADPKKJPAAAAEQAIAADSF5t7AAAAAQAQAP7EYgD+wYMACPziAAJl2gACAE9NYWNpbnRvc2ggSEQ6VXNlcnM6AGFsZXhhOgBQYXBlcnM6AGFuZHJvaWQgZ3JhcGhpY2FsIHVubG9ja2VyOgBwMS1hbmRyaW90aXMucGRmAAAOACIAEABwADEALQBhAG4AZAByAGkAbwB0AGkAcwAuAHAAZABmAA8AGgAMAE0AYQBjAGkAbgB0AG8AcwBoACAASABEABIAPlVzZXJzL2FsZXhhL1BhcGVycy9hbmRyb2lkIGdyYXBoaWNhbCB1bmxvY2tlci9wMS1hbmRyaW90aXMucGRmABMAAS8AABUAAgAM//8AAIAG0hscHR5aJGNsYXNzbmFtZVgkY2xhc3Nlc11OU011dGFibGVEYXRhox0fIFZOU0RhdGFYTlNPYmplY3TSGxwiI1xOU0RpY3Rpb25hcnmiIiBfEA9OU0tleWVkQXJjaGl2ZXLRJidUcm9vdIABAAgAEQAaACMALQAyADcAQABGAE0AVQBgAGcAagBsAG4AcQBzAHUAdwCEAI4AyQDOANYCpAKmAqsCtgK/As0C0QLYAuEC5gLzAvYDCAMLAxAAAAAAAAACAQAAAAAAAAAoAAAAAAAAAAAAAAAAAAADEg==},
	Bdsk-Url-1 = {http://doi.acm.org/10.1145/2462096.2462098},
	Bdsk-Url-2 = {http://dx.doi.org/10.1145/2462096.2462098}}

@inproceedings{Aviv:2010:SAS:1925004.1925009,
	Acmid = {1925009},
	Address = {Berkeley, CA, USA},
	Author = {Aviv, Adam J. and Gibson, Katherine and Mossop, Evan and Blaze, Matt and Smith, Jonathan M.},
	Booktitle = {Proceedings of the 4th USENIX Conference on Offensive Technologies},
	Date-Added = {2015-08-31 13:38:33 +0000},
	Date-Modified = {2015-08-31 13:39:05 +0000},
	Location = {Washington, DC},
	Numpages = {7},
	Pages = {1--7},
	Publisher = {USENIX Association},
	Rating = {5},
	Series = {WOOT'10},
	Title = {Smudge Attacks on Smartphone Touch Screens},
	Url = {http://dl.acm.org/citation.cfm?id=1925004.1925009},
	Year = {2010},
	Bdsk-File-1 = {YnBsaXN0MDDUAQIDBAUGJCVYJHZlcnNpb25YJG9iamVjdHNZJGFyY2hpdmVyVCR0b3ASAAGGoKgHCBMUFRYaIVUkbnVsbNMJCgsMDxJXTlMua2V5c1pOUy5vYmplY3RzViRjbGFzc6INDoACgAOiEBGABIAFgAdccmVsYXRpdmVQYXRoWWFsaWFzRGF0YV8QMC4uLy4uL1BhcGVycy9hbmRyb2lkIGdyYXBoaWNhbCB1bmxvY2tlci9Bdml2LnBkZtIXCxgZV05TLmRhdGFPEQGqAAAAAAGqAAIAAAxNYWNpbnRvc2ggSEQAAAAAAAAAAAAAAAAAAADPKLBfSCsAAAD+xGIIQXZpdi5wZGYAAAAAAAAAAAAAAAAAAAAAAAAAAAAAAAAAAAAAAAAAAAAAAAAAAAAAAAAAAAAAAAAAAAAAAAAAAQXp7NIKJVcAAAAAAAAAAAACAAMAAAkgAAAAAAAAAAAAAAAAAAAAGmFuZHJvaWQgZ3JhcGhpY2FsIHVubG9ja2VyABAACAAAzyiiTwAAABEACAAA0goJNwAAAAEAEAD+xGIA/sGDAAj84gACZdoAAgBHTWFjaW50b3NoIEhEOlVzZXJzOgBhbGV4YToAUGFwZXJzOgBhbmRyb2lkIGdyYXBoaWNhbCB1bmxvY2tlcjoAQXZpdi5wZGYAAA4AEgAIAEEAdgBpAHYALgBwAGQAZgAPABoADABNAGEAYwBpAG4AdABvAHMAaAAgAEgARAASADZVc2Vycy9hbGV4YS9QYXBlcnMvYW5kcm9pZCBncmFwaGljYWwgdW5sb2NrZXIvQXZpdi5wZGYAEwABLwAAFQACAAz//wAAgAbSGxwdHlokY2xhc3NuYW1lWCRjbGFzc2VzXU5TTXV0YWJsZURhdGGjHR8gVk5TRGF0YVhOU09iamVjdNIbHCIjXE5TRGljdGlvbmFyeaIiIF8QD05TS2V5ZWRBcmNoaXZlctEmJ1Ryb290gAEACAARABoAIwAtADIANwBAAEYATQBVAGAAZwBqAGwAbgBxAHMAdQB3AIQAjgDBAMYAzgJ8An4CgwKOApcCpQKpArACuQK+AssCzgLgAuMC6AAAAAAAAAIBAAAAAAAAACgAAAAAAAAAAAAAAAAAAALq},
	Bdsk-Url-1 = {http://dl.acm.org/citation.cfm?id=1925004.1925009}}

@article{Sun2014308,
	Abstract = {Abstract Pattern unlock is one of the entry protection mechanisms in Android system for unlocking the screen. By connecting 4{\^a}9 dots in a 3{\^A} {\~A}{\^A} 3 grid, the user can set up an unlock pattern which is equivalent to a password or a PIN. As an alternative to the traditional password/PIN, the visual pattern has gained its popularity because of the potential advantages in memorability and convenience of input. However, the limited pattern space and existing attacks such as shoulder surfing, or smudge attack make this mechanism weak in security. In this paper, we analyzed the characteristics of all valid patterns and proposed a way to quantitatively evaluate their strengths. We then designed two types of pattern strength meters as visual indicators of pattern strength. We conducted a user study that involved 81 participants. The results of the user study showed that the presence of visual indicator of pattern strength did encourage users to create visually complex patterns, thus increasing the security of pattern unlock. },
	Annote = {study with 81 aparticipants to evaluate the influence of password meters for creating stronger passwords
very good paper good structure

characteristics for pattern strength:
* size, length, intersections, overlaps

the recall time was very short
users did not have to remember the password for a long time

also 20/27 users did not manage to recall the password straight after choosing it!},
	Author = {Chen Sun and Yang Wang and Jun Zheng},
	Date-Added = {2015-08-27 16:23:24 +0000},
	Date-Modified = {2015-09-10 23:49:09 +0000},
	Doi = {http://dx.doi.org/10.1016/j.jisa.2014.10.009},
	Issn = {2214-2126},
	Journal = {Journal of Information Security and Applications},
	Keywords = {Android},
	Number = {4{\^a}5},
	Pages = {308 - 320},
	Rating = {5},
	Read = {1},
	Title = {Dissecting pattern unlock: The effect of pattern strength meter on pattern selection},
	Url = {http://www.sciencedirect.com/science/article/pii/S2214212614001458},
	Volume = {19},
	Year = {2014},
	Bdsk-File-1 = {YnBsaXN0MDDUAQIDBAUGJCVYJHZlcnNpb25YJG9iamVjdHNZJGFyY2hpdmVyVCR0b3ASAAGGoKgHCBMUFRYaIVUkbnVsbNMJCgsMDxJXTlMua2V5c1pOUy5vYmplY3RzViRjbGFzc6INDoACgAOiEBGABIAFgAdccmVsYXRpdmVQYXRoWWFsaWFzRGF0YV8QSS4uLy4uL1BhcGVycy9hbmRyb2lkIGdyYXBoaWNhbCB1bmxvY2tlci8xLXMyLjAtUzIyMTQyMTI2MTQwMDE0NTgtbWFpbi5wZGbSFwsYGVdOUy5kYXRhTxECDAAAAAACDAACAAAMTWFjaW50b3NoIEhEAAAAAAAAAAAAAAAAAAAAzyiwX0grAAAA/sRiHzEtczIuMC1TMjIxNDIxMjYxNDAwI0ZGNzU1My5wZGYAAAAAAAAAAAAAAAAAAAAAAAAAAAAAAAAAAAAAAAAAAAD/dVPSBQYsAAAAAAAAAAAAAgADAAAJIAAAAAAAAAAAAAAAAAAAABphbmRyb2lkIGdyYXBoaWNhbCB1bmxvY2tlcgAQAAgAAM8ook8AAAARAAgAANIE6gwAAAABABAA/sRiAP7BgwAI/OIAAmXaAAIAXk1hY2ludG9zaCBIRDpVc2VyczoAYWxleGE6AFBhcGVyczoAYW5kcm9pZCBncmFwaGljYWwgdW5sb2NrZXI6ADEtczIuMC1TMjIxNDIxMjYxNDAwI0ZGNzU1My5wZGYADgBEACEAMQAtAHMAMgAuADAALQBTADIAMgAxADQAMgAxADIANgAxADQAMAAwADEANAA1ADgALQBtAGEAaQBuAC4AcABkAGYADwAaAAwATQBhAGMAaQBuAHQAbwBzAGgAIABIAEQAEgBPVXNlcnMvYWxleGEvUGFwZXJzL2FuZHJvaWQgZ3JhcGhpY2FsIHVubG9ja2VyLzEtczIuMC1TMjIxNDIxMjYxNDAwMTQ1OC1tYWluLnBkZgAAEwABLwAAFQACAAz//wAAgAbSGxwdHlokY2xhc3NuYW1lWCRjbGFzc2VzXU5TTXV0YWJsZURhdGGjHR8gVk5TRGF0YVhOU09iamVjdNIbHCIjXE5TRGljdGlvbmFyeaIiIF8QD05TS2V5ZWRBcmNoaXZlctEmJ1Ryb290gAEACAARABoAIwAtADIANwBAAEYATQBVAGAAZwBqAGwAbgBxAHMAdQB3AIQAjgDaAN8A5wL3AvkC/gMJAxIDIAMkAysDNAM5A0YDSQNbA14DYwAAAAAAAAIBAAAAAAAAACgAAAAAAAAAAAAAAAAAAANl},
	Bdsk-Url-1 = {http://www.sciencedirect.com/science/article/pii/S2214212614001458},
	Bdsk-Url-2 = {http://dx.doi.org/10.1016/j.jisa.2014.10.009}}

@article{Sasse:2001aa,
	Author = {Sasse, MA and Brostoff, S and Weirich, D},
	Date-Added = {2015-08-27 16:17:49 +0000},
	Date-Modified = {2015-08-27 16:18:01 +0000},
	Doi = {10.1023/A:1011902718709},
	Issn = {1358-3948},
	Journal = {BT Technology Journal},
	Language = {English},
	Number = {3},
	Pages = {122-131},
	Publisher = {Kluwer Academic Publishers},
	Title = {Transforming the {\^a}Weakest Link{\^a} {\^a} a Human/Computer Interaction Approach to Usable and Effective Security},
	Url = {http://dx.doi.org/10.1023/A%3A1011902718709},
	Volume = {19},
	Year = {2001},
	Bdsk-File-1 = {YnBsaXN0MDDUAQIDBAUGJCVYJHZlcnNpb25YJG9iamVjdHNZJGFyY2hpdmVyVCR0b3ASAAGGoKgHCBMUFRYaIVUkbnVsbNMJCgsMDxJXTlMua2V5c1pOUy5vYmplY3RzViRjbGFzc6INDoACgAOiEBGABIAFgAdccmVsYXRpdmVQYXRoWWFsaWFzRGF0YV8QUy4uLy4uL1BhcGVycy9wYXNzd29yZHMgc2VjdXJpdHkgYW5kIHVzYWJpbGl0eS9hcnQlM0ExMC4xMDIzJTJGQSUzQTEwMTE5MDI3MTg3MDkucGRm0hcLGBlXTlMuZGF0YU8RAioAAAAAAioAAgAADE1hY2ludG9zaCBIRAAAAAAAAAAAAAAAAAAAAM8osF9IKwAAAP7Eax9hcnQlM0ExMC4xMDIzJTJGQSUzQSNGRjM5MzMucGRmAAAAAAAAAAAAAAAAAAAAAAAAAAAAAAAAAAAAAAAAAAAA/zkz0gUEogAAAAAAAAAAAAIAAwAACSAAAAAAAAAAAAAAAAAAAAAfcGFzc3dvcmRzIHNlY3VyaXR5IGFuZCB1I0ZFQzQ2QgAAEAAIAADPKKJPAAAAEQAIAADSBOiCAAAAAQAQAP7EawD+wYMACPziAAJl2gACAGNNYWNpbnRvc2ggSEQ6VXNlcnM6AGFsZXhhOgBQYXBlcnM6AHBhc3N3b3JkcyBzZWN1cml0eSBhbmQgdSNGRUM0NkI6AGFydCUzQTEwLjEwMjMlMkZBJTNBI0ZGMzkzMy5wZGYAAA4ATAAlAGEAcgB0ACUAMwBBADEAMAAuADEAMAAyADMAJQAyAEYAQQAlADMAQQAxADAAMQAxADkAMAAyADcAMQA4ADcAMAA5AC4AcABkAGYADwAaAAwATQBhAGMAaQBuAHQAbwBzAGgAIABIAEQAEgBZVXNlcnMvYWxleGEvUGFwZXJzL3Bhc3N3b3JkcyBzZWN1cml0eSBhbmQgdXNhYmlsaXR5L2FydCUzQTEwLjEwMjMlMkZBJTNBMTAxMTkwMjcxODcwOS5wZGYAABMAAS8AABUAAgAM//8AAIAG0hscHR5aJGNsYXNzbmFtZVgkY2xhc3Nlc11OU011dGFibGVEYXRhox0fIFZOU0RhdGFYTlNPYmplY3TSGxwiI1xOU0RpY3Rpb25hcnmiIiBfEA9OU0tleWVkQXJjaGl2ZXLRJidUcm9vdIABAAgAEQAaACMALQAyADcAQABGAE0AVQBgAGcAagBsAG4AcQBzAHUAdwCEAI4A5ADpAPEDHwMhAyYDMQM6A0gDTANTA1wDYQNuA3EDgwOGA4sAAAAAAAACAQAAAAAAAAAoAAAAAAAAAAAAAAAAAAADjQ==},
	Bdsk-Url-1 = {http://dx.doi.org/10.1023/A%3A1011902718709},
	Bdsk-Url-2 = {http://dx.doi.org/10.1023/A:1011902718709}}

@article{Keith200717,
	Abstract = {In developing password policies, \{IT\} managers must strike a balance between security and memorability. Rules that improve structural integrity against attacks may also result in passwords that are difficult to remember. Recent technologies have relaxed the 8-character password constraint to permit the creation of longer pass-{\^a}phrases{\^a} consisting of multiple words. Longer passphrases are attractive because they can improve security by increasing the difficulty of brute-force attacks and they might also be easy to remember. Yet, no empirical evidence concerning the actual usability of passphrases exists. This paper presents the results of a 12-week experiment that examines users{\^a} experience and satisfaction with passphrases. Results indicate that passphrase users experienced a rate of unsuccessful logins due to memory recall failure similar to that of users of self-generated simple passwords and stringent passwords. However, passphrase users had more failed login attempts due to typographical errors than did users of either simple or highly secure passwords. Moreover, although the typographical errors disappeared over time, passphrase users{\^a} initial problems negatively affected their end-of-experiment perceptions. },
	Author = {Mark Keith and Benjamin Shao and Paul John Steinbart},
	Date-Added = {2015-08-27 16:15:47 +0000},
	Date-Modified = {2015-08-27 16:15:47 +0000},
	Doi = {http://dx.doi.org/10.1016/j.ijhcs.2006.08.005},
	Issn = {1071-5819},
	Journal = {International Journal of Human-Computer Studies},
	Keywords = {Usability},
	Note = {Information security in the knowledge economy},
	Number = {1},
	Pages = {17 - 28},
	Title = {The usability of passphrases for authentication: An empirical field study},
	Url = {http://www.sciencedirect.com/science/article/pii/S1071581906001236},
	Volume = {65},
	Year = {2007},
	Bdsk-File-1 = {YnBsaXN0MDDUAQIDBAUGJCVYJHZlcnNpb25YJG9iamVjdHNZJGFyY2hpdmVyVCR0b3ASAAGGoKgHCBMUFRYaIVUkbnVsbNMJCgsMDxJXTlMua2V5c1pOUy5vYmplY3RzViRjbGFzc6INDoACgAOiEBGABIAFgAdccmVsYXRpdmVQYXRoWWFsaWFzRGF0YV8QQC4uLy4uL1BhcGVycy9wYXNzd29yZCBwb2xpY2llcy8xLXMyLjAtUzEwNzE1ODE5MDYwMDEyMzYtbWFpbi5wZGbSFwsYGVdOUy5kYXRhTxEB8gAAAAAB8gACAAAMTWFjaW50b3NoIEhEAAAAAAAAAAAAAAAAAAAAzyiwX0grAAAA/sRZHzEtczIuMC1TMTA3MTU4MTkwNjAjMTAzOUQ1MC5wZGYAAAAAAAAAAAAAAAAAAAAAAAAAAAAAAAAAAAAAAAAAAAEDnVDSBQRnAAAAAAAAAAAAAgADAAAJIAAAAAAAAAAAAAAAAAAAABFwYXNzd29yZCBwb2xpY2llcwAAEAAIAADPKKJPAAAAEQAIAADSBOhHAAAAAQAQAP7EWQD+wYMACPziAAJl2gACAFVNYWNpbnRvc2ggSEQ6VXNlcnM6AGFsZXhhOgBQYXBlcnM6AHBhc3N3b3JkIHBvbGljaWVzOgAxLXMyLjAtUzEwNzE1ODE5MDYwIzEwMzlENTAucGRmAAAOAEQAIQAxAC0AcwAyAC4AMAAtAFMAMQAwADcAMQA1ADgAMQA5ADAANgAwADAAMQAyADMANgAtAG0AYQBpAG4ALgBwAGQAZgAPABoADABNAGEAYwBpAG4AdABvAHMAaAAgAEgARAASAEZVc2Vycy9hbGV4YS9QYXBlcnMvcGFzc3dvcmQgcG9saWNpZXMvMS1zMi4wLVMxMDcxNTgxOTA2MDAxMjM2LW1haW4ucGRmABMAAS8AABUAAgAM//8AAIAG0hscHR5aJGNsYXNzbmFtZVgkY2xhc3Nlc11OU011dGFibGVEYXRhox0fIFZOU0RhdGFYTlNPYmplY3TSGxwiI1xOU0RpY3Rpb25hcnmiIiBfEA9OU0tleWVkQXJjaGl2ZXLRJidUcm9vdIABAAgAEQAaACMALQAyADcAQABGAE0AVQBgAGcAagBsAG4AcQBzAHUAdwCEAI4A0QDWAN4C1ALWAtsC5gLvAv0DAQMIAxEDFgMjAyYDOAM7A0AAAAAAAAACAQAAAAAAAAAoAAAAAAAAAAAAAAAAAAADQg==},
	Bdsk-Url-1 = {http://www.sciencedirect.com/science/article/pii/S1071581906001236},
	Bdsk-Url-2 = {http://dx.doi.org/10.1016/j.ijhcs.2006.08.005}}

@inproceedings{Shay:2015:SSI:2702123.2702586,
	Acmid = {2702586},
	Address = {New York, NY, USA},
	Author = {Shay, Richard and Bauer, Lujo and Christin, Nicolas and Cranor, Lorrie Faith and Forget, Alain and Komanduri, Saranga and Mazurek, Michelle L. and Melicher, William and Segreti, Sean M. and Ur, Blase},
	Booktitle = {Proceedings of the 33rd Annual ACM Conference on Human Factors in Computing Systems},
	Date-Added = {2015-08-27 16:11:37 +0000},
	Date-Modified = {2015-08-31 09:20:15 +0000},
	Doi = {10.1145/2702123.2702586},
	Isbn = {978-1-4503-3145-6},
	Keywords = {authentication, password-composition policies, passwords, security policy, usable security},
	Location = {Seoul, Republic of Korea},
	Numpages = {10},
	Pages = {2903--2912},
	Publisher = {ACM},
	Rating = {5},
	Series = {CHI '15},
	Title = {A Spoonful of Sugar?: The Impact of Guidance and Feedback on Password-Creation Behavior},
	Url = {http://doi.acm.org/10.1145/2702123.2702586},
	Year = {2015},
	Bdsk-File-1 = {YnBsaXN0MDDUAQIDBAUGJCVYJHZlcnNpb25YJG9iamVjdHNZJGFyY2hpdmVyVCR0b3ASAAGGoKgHCBMUFRYaIVUkbnVsbNMJCgsMDxJXTlMua2V5c1pOUy5vYmplY3RzViRjbGFzc6INDoACgAOiEBGABIAFgAdccmVsYXRpdmVQYXRoWWFsaWFzRGF0YV8QOC4uLy4uL1BhcGVycy9wYXNzd29yZCBwb2xpY2llcy9TaGF5MjAxNV9DSElfRmVlZGJhY2sucGRm0hcLGBlXTlMuZGF0YU8RAdQAAAAAAdQAAgAADE1hY2ludG9zaCBIRAAAAAAAAAAAAAAAAAAAAM8osF9IKwAAAP7EWRlTaGF5MjAxNV9DSElfRmVlZGJhY2sucGRmAAAAAAAAAAAAAAAAAAAAAAAAAAAAAAAAAAAAAAAAAAAAAAAAAAAA/9V60gUDJgAAAAAAAAAAAAIAAwAACSAAAAAAAAAAAAAAAAAAAAARcGFzc3dvcmQgcG9saWNpZXMAABAACAAAzyiiTwAAABEACAAA0gTnBgAAAAEAEAD+xFkA/sGDAAj84gACZdoAAgBPTWFjaW50b3NoIEhEOlVzZXJzOgBhbGV4YToAUGFwZXJzOgBwYXNzd29yZCBwb2xpY2llczoAU2hheTIwMTVfQ0hJX0ZlZWRiYWNrLnBkZgAADgA0ABkAUwBoAGEAeQAyADAAMQA1AF8AQwBIAEkAXwBGAGUAZQBkAGIAYQBjAGsALgBwAGQAZgAPABoADABNAGEAYwBpAG4AdABvAHMAaAAgAEgARAASAD5Vc2Vycy9hbGV4YS9QYXBlcnMvcGFzc3dvcmQgcG9saWNpZXMvU2hheTIwMTVfQ0hJX0ZlZWRiYWNrLnBkZgATAAEvAAAVAAIADP//AACABtIbHB0eWiRjbGFzc25hbWVYJGNsYXNzZXNdTlNNdXRhYmxlRGF0YaMdHyBWTlNEYXRhWE5TT2JqZWN00hscIiNcTlNEaWN0aW9uYXJ5oiIgXxAPTlNLZXllZEFyY2hpdmVy0SYnVHJvb3SAAQAIABEAGgAjAC0AMgA3AEAARgBNAFUAYABnAGoAbABuAHEAcwB1AHcAhACOAMkAzgDWAq4CsAK1AsACyQLXAtsC4gLrAvAC/QMAAxIDFQMaAAAAAAAAAgEAAAAAAAAAKAAAAAAAAAAAAAAAAAAAAxw=},
	Bdsk-Url-1 = {http://doi.acm.org/10.1145/2702123.2702586},
	Bdsk-Url-2 = {http://dx.doi.org/10.1145/2702123.2702586}}

@article{Biddle:2012:GPL:2333112.2333114,
	Acmid = {2333114},
	Address = {New York, NY, USA},
	Articleno = {19},
	Author = {Biddle, Robert and Chiasson, Sonia and Van Oorschot, P.C.},
	Date-Added = {2015-08-27 15:51:08 +0000},
	Date-Modified = {2015-08-27 15:51:08 +0000},
	Doi = {10.1145/2333112.2333114},
	Issn = {0360-0300},
	Issue_Date = {August 2012},
	Journal = {ACM Comput. Surv.},
	Keywords = {Authentication, graphical passwords, usable security},
	Month = sep,
	Number = {4},
	Numpages = {41},
	Pages = {19:1--19:41},
	Publisher = {ACM},
	Title = {Graphical Passwords: Learning from the First Twelve Years},
	Url = {http://doi.acm.org/10.1145/2333112.2333114},
	Volume = {44},
	Year = {2012},
	Bdsk-File-1 = {YnBsaXN0MDDUAQIDBAUGJCVYJHZlcnNpb25YJG9iamVjdHNZJGFyY2hpdmVyVCR0b3ASAAGGoKgHCBMUFRYaIVUkbnVsbNMJCgsMDxJXTlMua2V5c1pOUy5vYmplY3RzViRjbGFzc6INDoACgAOiEBGABIAFgAdccmVsYXRpdmVQYXRoWWFsaWFzRGF0YV8QLy4uLy4uL1BhcGVycy9ncmFwaGljYWwgcGFzc3dvcmRzL2ExOS1iaWRkbGUucGRm0hcLGBlXTlMuZGF0YU8RAa4AAAAAAa4AAgAADE1hY2ludG9zaCBIRAAAAAAAAAAAAAAAAAAAAM8osF9IKwAAAP7UKQ5hMTktYmlkZGxlLnBkZgAAAAAAAAAAAAAAAAAAAAAAAAAAAAAAAAAAAAAAAAAAAAAAAAAAAAAAAAAAAAAAAAABBQln0gT+qgAAAAAAAAAAAAIAAwAACSAAAAAAAAAAAAAAAAAAAAATZ3JhcGhpY2FsIHBhc3N3b3JkcwAAEAAIAADPKKJPAAAAEQAIAADSBOKKAAAAAQAQAP7UKQD+wYMACPziAAJl2gACAEZNYWNpbnRvc2ggSEQ6VXNlcnM6AGFsZXhhOgBQYXBlcnM6AGdyYXBoaWNhbCBwYXNzd29yZHM6AGExOS1iaWRkbGUucGRmAA4AHgAOAGEAMQA5AC0AYgBpAGQAZABsAGUALgBwAGQAZgAPABoADABNAGEAYwBpAG4AdABvAHMAaAAgAEgARAASADVVc2Vycy9hbGV4YS9QYXBlcnMvZ3JhcGhpY2FsIHBhc3N3b3Jkcy9hMTktYmlkZGxlLnBkZgAAEwABLwAAFQACAAz//wAAgAbSGxwdHlokY2xhc3NuYW1lWCRjbGFzc2VzXU5TTXV0YWJsZURhdGGjHR8gVk5TRGF0YVhOU09iamVjdNIbHCIjXE5TRGljdGlvbmFyeaIiIF8QD05TS2V5ZWRBcmNoaXZlctEmJ1Ryb290gAEACAARABoAIwAtADIANwBAAEYATQBVAGAAZwBqAGwAbgBxAHMAdQB3AIQAjgDAAMUAzQJ/AoEChgKRApoCqAKsArMCvALBAs4C0QLjAuYC6wAAAAAAAAIBAAAAAAAAACgAAAAAAAAAAAAAAAAAAALt},
	Bdsk-Url-1 = {http://doi.acm.org/10.1145/2333112.2333114},
	Bdsk-Url-2 = {http://dx.doi.org/10.1145/2333112.2333114}}

@article{Yan:2004:PMS:1024867.1025014,
	Acmid = {1025014},
	Address = {Piscataway, NJ, USA},
	Author = {Yan, Jeff and Blackwell, Alan and Anderson, Ross and Grant, Alasdair},
	Date-Added = {2015-08-27 15:49:06 +0000},
	Date-Modified = {2015-08-27 15:49:06 +0000},
	Doi = {10.1109/MSP.2004.81},
	Issn = {1540-7993},
	Issue_Date = {September 2004},
	Journal = {IEEE Security and Privacy},
	Keywords = {passwords, passwords, security, usability, security, usability},
	Month = sep,
	Number = {5},
	Numpages = {7},
	Pages = {25--31},
	Publisher = {IEEE Educational Activities Department},
	Title = {Password Memorability and Security: Empirical Results},
	Url = {http://dx.doi.org/10.1109/MSP.2004.81},
	Volume = {2},
	Year = {2004},
	Bdsk-File-1 = {YnBsaXN0MDDUAQIDBAUGJCVYJHZlcnNpb25YJG9iamVjdHNZJGFyY2hpdmVyVCR0b3ASAAGGoKgHCBMUFRYaIVUkbnVsbNMJCgsMDxJXTlMua2V5c1pOUy5vYmplY3RzViRjbGFzc6INDoACgAOiEBGABIAFgAdccmVsYXRpdmVQYXRoWWFsaWFzRGF0YV8QNy4uLy4uL1BhcGVycy9wYXNzd29yZHMgc2VjdXJpdHkgYW5kIHVzYWJpbGl0eS9qNTAyNS5wZGbSFwsYGVdOUy5kYXRhTxEBwAAAAAABwAACAAAMTWFjaW50b3NoIEhEAAAAAAAAAAAAAAAAAAAAzyiwX0grAAAA/sRrCWo1MDI1LnBkZgAAAAAAAAAAAAAAAAAAAAAAAAAAAAAAAAAAAAAAAAAAAAAAAAAAAAAAAAAAAAAAAAAAAAAAAAD/Fj7SBP3UAAAAAAAAAAAAAgADAAAJIAAAAAAAAAAAAAAAAAAAAB9wYXNzd29yZHMgc2VjdXJpdHkgYW5kIHUjRkVDNDZCAAAQAAgAAM8ook8AAAARAAgAANIE4bQAAAABABAA/sRrAP7BgwAI/OIAAmXaAAIATU1hY2ludG9zaCBIRDpVc2VyczoAYWxleGE6AFBhcGVyczoAcGFzc3dvcmRzIHNlY3VyaXR5IGFuZCB1I0ZFQzQ2QjoAajUwMjUucGRmAAAOABQACQBqADUAMAAyADUALgBwAGQAZgAPABoADABNAGEAYwBpAG4AdABvAHMAaAAgAEgARAASAD1Vc2Vycy9hbGV4YS9QYXBlcnMvcGFzc3dvcmRzIHNlY3VyaXR5IGFuZCB1c2FiaWxpdHkvajUwMjUucGRmAAATAAEvAAAVAAIADP//AACABtIbHB0eWiRjbGFzc25hbWVYJGNsYXNzZXNdTlNNdXRhYmxlRGF0YaMdHyBWTlNEYXRhWE5TT2JqZWN00hscIiNcTlNEaWN0aW9uYXJ5oiIgXxAPTlNLZXllZEFyY2hpdmVy0SYnVHJvb3SAAQAIABEAGgAjAC0AMgA3AEAARgBNAFUAYABnAGoAbABuAHEAcwB1AHcAhACOAMgAzQDVApkCmwKgAqsCtALCAsYCzQLWAtsC6ALrAv0DAAMFAAAAAAAAAgEAAAAAAAAAKAAAAAAAAAAAAAAAAAAAAwc=},
	Bdsk-Url-1 = {http://dx.doi.org/10.1109/MSP.2004.81}}

@inproceedings{Komanduri:2011:PPM:1978942.1979321,
	Acmid = {1979321},
	Address = {New York, NY, USA},
	Author = {Komanduri, Saranga and Shay, Richard and Kelley, Patrick Gage and Mazurek, Michelle L. and Bauer, Lujo and Christin, Nicolas and Cranor, Lorrie Faith and Egelman, Serge},
	Booktitle = {Proceedings of the SIGCHI Conference on Human Factors in Computing Systems},
	Date-Added = {2015-08-27 15:46:56 +0000},
	Date-Modified = {2015-08-27 15:46:56 +0000},
	Doi = {10.1145/1978942.1979321},
	Isbn = {978-1-4503-0228-9},
	Keywords = {passwords, policy, security, usability},
	Location = {Vancouver, BC, Canada},
	Numpages = {10},
	Pages = {2595--2604},
	Publisher = {ACM},
	Series = {CHI '11},
	Title = {Of Passwords and People: Measuring the Effect of Password-composition Policies},
	Url = {http://doi.acm.org/10.1145/1978942.1979321},
	Year = {2011},
	Bdsk-File-1 = {YnBsaXN0MDDUAQIDBAUGJCVYJHZlcnNpb25YJG9iamVjdHNZJGFyY2hpdmVyVCR0b3ASAAGGoKgHCBMUFRYaIVUkbnVsbNMJCgsMDxJXTlMua2V5c1pOUy5vYmplY3RzViRjbGFzc6INDoACgAOiEBGABIAFgAdccmVsYXRpdmVQYXRoWWFsaWFzRGF0YV8QMi4uLy4uL1BhcGVycy9wYXNzd29yZCBwb2xpY2llcy9wMjU5NS1rb21hbmR1cmkucGRm0hcLGBlXTlMuZGF0YU8RAbwAAAAAAbwAAgAADE1hY2ludG9zaCBIRAAAAAAAAAAAAAAAAAAAAM8osF9IKwAAAP7EWRNwMjU5NS1rb21hbmR1cmkucGRmAAAAAAAAAAAAAAAAAAAAAAAAAAAAAAAAAAAAAAAAAAAAAAAAAAAAAAAAAAAA/9Xz0gT9owAAAAAAAAAAAAIAAwAACSAAAAAAAAAAAAAAAAAAAAARcGFzc3dvcmQgcG9saWNpZXMAABAACAAAzyiiTwAAABEACAAA0gThgwAAAAEAEAD+xFkA/sGDAAj84gACZdoAAgBJTWFjaW50b3NoIEhEOlVzZXJzOgBhbGV4YToAUGFwZXJzOgBwYXNzd29yZCBwb2xpY2llczoAcDI1OTUta29tYW5kdXJpLnBkZgAADgAoABMAcAAyADUAOQA1AC0AawBvAG0AYQBuAGQAdQByAGkALgBwAGQAZgAPABoADABNAGEAYwBpAG4AdABvAHMAaAAgAEgARAASADhVc2Vycy9hbGV4YS9QYXBlcnMvcGFzc3dvcmQgcG9saWNpZXMvcDI1OTUta29tYW5kdXJpLnBkZgATAAEvAAAVAAIADP//AACABtIbHB0eWiRjbGFzc25hbWVYJGNsYXNzZXNdTlNNdXRhYmxlRGF0YaMdHyBWTlNEYXRhWE5TT2JqZWN00hscIiNcTlNEaWN0aW9uYXJ5oiIgXxAPTlNLZXllZEFyY2hpdmVy0SYnVHJvb3SAAQAIABEAGgAjAC0AMgA3AEAARgBNAFUAYABnAGoAbABuAHEAcwB1AHcAhACOAMMAyADQApACkgKXAqICqwK5Ar0CxALNAtIC3wLiAvQC9wL8AAAAAAAAAgEAAAAAAAAAKAAAAAAAAAAAAAAAAAAAAv4=},
	Bdsk-Url-1 = {http://doi.acm.org/10.1145/1978942.1979321},
	Bdsk-Url-2 = {http://dx.doi.org/10.1145/1978942.1979321}}

@inproceedings{alfayyadh2012improving,
	Author = {AlFayyadh, Bander and Thorsheim, Per and J{\o}sang, Audun and Klevjer, Henning},
	Booktitle = {7eme Conf{\'e}rence sur la S{\'e}curit{\'e} des Architectures R{\'e}seaux et Systemes d'Information (7th Conference on Network and Information Systems Security)(SAR-SSI 2012)},
	Date-Added = {2015-08-27 15:44:34 +0000},
	Date-Modified = {2015-08-27 15:44:34 +0000},
	Title = {Improving usability of password management with standardized password policies},
	Year = {2012},
	Bdsk-File-1 = {YnBsaXN0MDDUAQIDBAUGJCVYJHZlcnNpb25YJG9iamVjdHNZJGFyY2hpdmVyVCR0b3ASAAGGoKgHCBMUFRYaIVUkbnVsbNMJCgsMDxJXTlMua2V5c1pOUy5vYmplY3RzViRjbGFzc6INDoACgAOiEBGABIAFgAdccmVsYXRpdmVQYXRoWWFsaWFzRGF0YV8QMi4uLy4uL1BhcGVycy9wYXNzd29yZCBwb2xpY2llcy9BVEpLMjAxMi1TQVJTU0kucGRm0hcLGBlXTlMuZGF0YU8RAbwAAAAAAbwAAgAADE1hY2ludG9zaCBIRAAAAAAAAAAAAAAAAAAAAM8osF9IKwAAAP7EWRNBVEpLMjAxMi1TQVJTU0kucGRmAAAAAAAAAAAAAAAAAAAAAAAAAAAAAAAAAAAAAAAAAAAAAAAAAAAAAAAAAAAA/9W60gT8ngAAAAAAAAAAAAIAAwAACSAAAAAAAAAAAAAAAAAAAAARcGFzc3dvcmQgcG9saWNpZXMAABAACAAAzyiiTwAAABEACAAA0gTgfgAAAAEAEAD+xFkA/sGDAAj84gACZdoAAgBJTWFjaW50b3NoIEhEOlVzZXJzOgBhbGV4YToAUGFwZXJzOgBwYXNzd29yZCBwb2xpY2llczoAQVRKSzIwMTItU0FSU1NJLnBkZgAADgAoABMAQQBUAEoASwAyADAAMQAyAC0AUwBBAFIAUwBTAEkALgBwAGQAZgAPABoADABNAGEAYwBpAG4AdABvAHMAaAAgAEgARAASADhVc2Vycy9hbGV4YS9QYXBlcnMvcGFzc3dvcmQgcG9saWNpZXMvQVRKSzIwMTItU0FSU1NJLnBkZgATAAEvAAAVAAIADP//AACABtIbHB0eWiRjbGFzc25hbWVYJGNsYXNzZXNdTlNNdXRhYmxlRGF0YaMdHyBWTlNEYXRhWE5TT2JqZWN00hscIiNcTlNEaWN0aW9uYXJ5oiIgXxAPTlNLZXllZEFyY2hpdmVy0SYnVHJvb3SAAQAIABEAGgAjAC0AMgA3AEAARgBNAFUAYABnAGoAbABuAHEAcwB1AHcAhACOAMMAyADQApACkgKXAqICqwK5Ar0CxALNAtIC3wLiAvQC9wL8AAAAAAAAAgEAAAAAAAAAKAAAAAAAAAAAAAAAAAAAAv4=}}

@inproceedings{Chiang:2013:IUA:2493190.2493213,
	Acmid = {2493213},
	Address = {New York, NY, USA},
	Annote = {the study is somewhat bad i guess

3 graphical passwords are evaluated and the difficulties are analysed
the results are taken to create a new graphical password thingy for mobile devices
this is evaluated with 90 participants},
	Author = {Chiang, Hsin-Yi and Chiasson, Sonia},
	Booktitle = {Proceedings of the 15th International Conference on Human-computer Interaction with Mobile Devices and Services},
	Date-Added = {2015-08-27 15:35:01 +0000},
	Date-Modified = {2015-09-10 23:45:19 +0000},
	Doi = {10.1145/2493190.2493213},
	Isbn = {978-1-4503-2273-7},
	Keywords = {authentication, mobile devices, touchscreen},
	Location = {Munich, Germany},
	Numpages = {10},
	Pages = {251--260},
	Publisher = {ACM},
	Rating = {3},
	Read = {0},
	Series = {MobileHCI '13},
	Title = {Improving User Authentication on Mobile Devices: A Touchscreen Graphical Password},
	Url = {http://doi.acm.org/10.1145/2493190.2493213},
	Year = {2013},
	Bdsk-File-1 = {YnBsaXN0MDDUAQIDBAUGJCVYJHZlcnNpb25YJG9iamVjdHNZJGFyY2hpdmVyVCR0b3ASAAGGoKgHCBMUFRYaIVUkbnVsbNMJCgsMDxJXTlMua2V5c1pOUy5vYmplY3RzViRjbGFzc6INDoACgAOiEBGABIAFgAdccmVsYXRpdmVQYXRoWWFsaWFzRGF0YV8QMC4uLy4uL1BhcGVycy9ncmFwaGljYWwgcGFzc3dvcmRzL3AyNTEtY2hpYW5nLnBkZtIXCxgZV05TLmRhdGFPEQGyAAAAAAGyAAIAAAxNYWNpbnRvc2ggSEQAAAAAAAAAAAAAAAAAAADPKLBfSCsAAAD+1CkPcDI1MS1jaGlhbmcucGRmAAAAAAAAAAAAAAAAAAAAAAAAAAAAAAAAAAAAAAAAAAAAAAAAAAAAAAAAAAAAAAAAAP+AHNIE+xwAAAAAAAAAAAACAAMAAAkgAAAAAAAAAAAAAAAAAAAAE2dyYXBoaWNhbCBwYXNzd29yZHMAABAACAAAzyiiTwAAABEACAAA0gTe/AAAAAEAEAD+1CkA/sGDAAj84gACZdoAAgBHTWFjaW50b3NoIEhEOlVzZXJzOgBhbGV4YToAUGFwZXJzOgBncmFwaGljYWwgcGFzc3dvcmRzOgBwMjUxLWNoaWFuZy5wZGYAAA4AIAAPAHAAMgA1ADEALQBjAGgAaQBhAG4AZwAuAHAAZABmAA8AGgAMAE0AYQBjAGkAbgB0AG8AcwBoACAASABEABIANlVzZXJzL2FsZXhhL1BhcGVycy9ncmFwaGljYWwgcGFzc3dvcmRzL3AyNTEtY2hpYW5nLnBkZgATAAEvAAAVAAIADP//AACABtIbHB0eWiRjbGFzc25hbWVYJGNsYXNzZXNdTlNNdXRhYmxlRGF0YaMdHyBWTlNEYXRhWE5TT2JqZWN00hscIiNcTlNEaWN0aW9uYXJ5oiIgXxAPTlNLZXllZEFyY2hpdmVy0SYnVHJvb3SAAQAIABEAGgAjAC0AMgA3AEAARgBNAFUAYABnAGoAbABuAHEAcwB1AHcAhACOAMEAxgDOAoQChgKLApYCnwKtArECuALBAsYC0wLWAugC6wLwAAAAAAAAAgEAAAAAAAAAKAAAAAAAAAAAAAAAAAAAAvI=},
	Bdsk-Url-1 = {http://doi.acm.org/10.1145/2493190.2493213},
	Bdsk-Url-2 = {http://dx.doi.org/10.1145/2493190.2493213}}

@inproceedings{Florencio:2010:SPC:1837110.1837124,
	Acmid = {1837124},
	Address = {New York, NY, USA},
	Articleno = {10},
	Author = {Flor\^{e}ncio, Dinei and Herley, Cormac},
	Booktitle = {Proceedings of the Sixth Symposium on Usable Privacy and Security},
	Date-Added = {2015-08-27 15:08:32 +0000},
	Date-Modified = {2015-08-27 15:08:32 +0000},
	Doi = {10.1145/1837110.1837124},
	Isbn = {978-1-4503-0264-7},
	Location = {Redmond, Washington, USA},
	Numpages = {14},
	Pages = {10:1--10:14},
	Publisher = {ACM},
	Series = {SOUPS '10},
	Title = {Where Do Security Policies Come from?},
	Url = {http://doi.acm.org/10.1145/1837110.1837124},
	Year = {2010},
	Bdsk-File-1 = {YnBsaXN0MDDUAQIDBAUGJCVYJHZlcnNpb25YJG9iamVjdHNZJGFyY2hpdmVyVCR0b3ASAAGGoKgHCBMUFRYaIVUkbnVsbNMJCgsMDxJXTlMua2V5c1pOUy5vYmplY3RzViRjbGFzc6INDoACgAOiEBGABIAFgAdccmVsYXRpdmVQYXRoWWFsaWFzRGF0YV8QMC4uLy4uL1BhcGVycy9wYXNzd29yZCBwb2xpY2llcy9hMTAtZmxvcmVuY2lvLnBkZtIXCxgZV05TLmRhdGFPEQG0AAAAAAG0AAIAAAxNYWNpbnRvc2ggSEQAAAAAAAAAAAAAAAAAAADPKLBfSCsAAAD+xFkRYTEwLWZsb3JlbmNpby5wZGYAAAAAAAAAAAAAAAAAAAAAAAAAAAAAAAAAAAAAAAAAAAAAAAAAAAAAAAAAAAAAAP7j+dIE9KsAAAAAAAAAAAACAAMAAAkgAAAAAAAAAAAAAAAAAAAAEXBhc3N3b3JkIHBvbGljaWVzAAAQAAgAAM8ook8AAAARAAgAANIE2IsAAAABABAA/sRZAP7BgwAI/OIAAmXaAAIAR01hY2ludG9zaCBIRDpVc2VyczoAYWxleGE6AFBhcGVyczoAcGFzc3dvcmQgcG9saWNpZXM6AGExMC1mbG9yZW5jaW8ucGRmAAAOACQAEQBhADEAMAAtAGYAbABvAHIAZQBuAGMAaQBvAC4AcABkAGYADwAaAAwATQBhAGMAaQBuAHQAbwBzAGgAIABIAEQAEgA2VXNlcnMvYWxleGEvUGFwZXJzL3Bhc3N3b3JkIHBvbGljaWVzL2ExMC1mbG9yZW5jaW8ucGRmABMAAS8AABUAAgAM//8AAIAG0hscHR5aJGNsYXNzbmFtZVgkY2xhc3Nlc11OU011dGFibGVEYXRhox0fIFZOU0RhdGFYTlNPYmplY3TSGxwiI1xOU0RpY3Rpb25hcnmiIiBfEA9OU0tleWVkQXJjaGl2ZXLRJidUcm9vdIABAAgAEQAaACMALQAyADcAQABGAE0AVQBgAGcAagBsAG4AcQBzAHUAdwCEAI4AwQDGAM4ChgKIAo0CmAKhAq8CswK6AsMCyALVAtgC6gLtAvIAAAAAAAACAQAAAAAAAAAoAAAAAAAAAAAAAAAAAAAC9A==},
	Bdsk-Url-1 = {http://doi.acm.org/10.1145/1837110.1837124},
	Bdsk-Url-2 = {http://dx.doi.org/10.1145/1837110.1837124}}

@inproceedings{Inglesant:2010:TCU:1753326.1753384,
	Acmid = {1753384},
	Address = {New York, NY, USA},
	Author = {Inglesant, Philip G. and Sasse, M. Angela},
	Booktitle = {Proceedings of the SIGCHI Conference on Human Factors in Computing Systems},
	Date-Added = {2015-08-27 15:07:16 +0000},
	Date-Modified = {2015-08-27 15:07:16 +0000},
	Doi = {10.1145/1753326.1753384},
	Isbn = {978-1-60558-929-9},
	Keywords = {password policy, passwords, usable security},
	Location = {Atlanta, Georgia, USA},
	Numpages = {10},
	Pages = {383--392},
	Publisher = {ACM},
	Series = {CHI '10},
	Title = {The True Cost of Unusable Password Policies: Password Use in the Wild},
	Url = {http://doi.acm.org/10.1145/1753326.1753384},
	Year = {2010},
	Bdsk-File-1 = {YnBsaXN0MDDUAQIDBAUGJCVYJHZlcnNpb25YJG9iamVjdHNZJGFyY2hpdmVyVCR0b3ASAAGGoKgHCBMUFRYaIVUkbnVsbNMJCgsMDxJXTlMua2V5c1pOUy5vYmplY3RzViRjbGFzc6INDoACgAOiEBGABIAFgAdccmVsYXRpdmVQYXRoWWFsaWFzRGF0YV8QMS4uLy4uL1BhcGVycy9wYXNzd29yZCBwb2xpY2llcy9wMzgzLWluZ2xlc2FudC5wZGbSFwsYGVdOUy5kYXRhTxEBuAAAAAABuAACAAAMTWFjaW50b3NoIEhEAAAAAAAAAAAAAAAAAAAAzyiwX0grAAAA/sRZEnAzODMtaW5nbGVzYW50LnBkZgAAAAAAAAAAAAAAAAAAAAAAAAAAAAAAAAAAAAAAAAAAAAAAAAAAAAAAAAAAAAD/1iLSBPRSAAAAAAAAAAAAAgADAAAJIAAAAAAAAAAAAAAAAAAAABFwYXNzd29yZCBwb2xpY2llcwAAEAAIAADPKKJPAAAAEQAIAADSBNgyAAAAAQAQAP7EWQD+wYMACPziAAJl2gACAEhNYWNpbnRvc2ggSEQ6VXNlcnM6AGFsZXhhOgBQYXBlcnM6AHBhc3N3b3JkIHBvbGljaWVzOgBwMzgzLWluZ2xlc2FudC5wZGYADgAmABIAcAAzADgAMwAtAGkAbgBnAGwAZQBzAGEAbgB0AC4AcABkAGYADwAaAAwATQBhAGMAaQBuAHQAbwBzAGgAIABIAEQAEgA3VXNlcnMvYWxleGEvUGFwZXJzL3Bhc3N3b3JkIHBvbGljaWVzL3AzODMtaW5nbGVzYW50LnBkZgAAEwABLwAAFQACAAz//wAAgAbSGxwdHlokY2xhc3NuYW1lWCRjbGFzc2VzXU5TTXV0YWJsZURhdGGjHR8gVk5TRGF0YVhOU09iamVjdNIbHCIjXE5TRGljdGlvbmFyeaIiIF8QD05TS2V5ZWRBcmNoaXZlctEmJ1Ryb290gAEACAARABoAIwAtADIANwBAAEYATQBVAGAAZwBqAGwAbgBxAHMAdQB3AIQAjgDCAMcAzwKLAo0CkgKdAqYCtAK4Ar8CyALNAtoC3QLvAvIC9wAAAAAAAAIBAAAAAAAAACgAAAAAAAAAAAAAAAAAAAL5},
	Bdsk-Url-1 = {http://doi.acm.org/10.1145/1753326.1753384},
	Bdsk-Url-2 = {http://dx.doi.org/10.1145/1753326.1753384}}

@inproceedings{Schloglhofer:2012:SUA:2428955.2429004,
	Acmid = {2429004},
	Address = {New York, NY, USA},
	Author = {Schl\"{o}glhofer, Roland and Sametinger, Johannes},
	Booktitle = {Proceedings of the 10th International Conference on Advances in Mobile Computing \&\#38; Multimedia},
	Date-Added = {2015-08-27 14:42:45 +0000},
	Date-Modified = {2015-08-27 14:42:45 +0000},
	Doi = {10.1145/2428955.2429004},
	Isbn = {978-1-4503-1307-0},
	Keywords = {Android, authentication, lock screen, mobile devices, security, usability},
	Location = {Bali, Indonesia},
	Numpages = {6},
	Pages = {257--262},
	Publisher = {ACM},
	Series = {MoMM '12},
	Title = {Secure and Usable Authentication on Mobile Devices},
	Url = {http://doi.acm.org/10.1145/2428955.2429004},
	Year = {2012},
	Bdsk-File-1 = {YnBsaXN0MDDUAQIDBAUGJCVYJHZlcnNpb25YJG9iamVjdHNZJGFyY2hpdmVyVCR0b3ASAAGGoKgHCBMUFRYaIVUkbnVsbNMJCgsMDxJXTlMua2V5c1pOUy5vYmplY3RzViRjbGFzc6INDoACgAOiEBGABIAFgAdccmVsYXRpdmVQYXRoWWFsaWFzRGF0YV8QQy4uLy4uL1BhcGVycy9wYXNzd29yZHMgc2VjdXJpdHkgYW5kIHVzYWJpbGl0eS9wMjU3LXNjaGxvZ2xob2Zlci5wZGbSFwsYGVdOUy5kYXRhTxEB8AAAAAAB8AACAAAMTWFjaW50b3NoIEhEAAAAAAAAAAAAAAAAAAAAzyiwX0grAAAA/sRrFXAyNTctc2NobG9nbGhvZmVyLnBkZgAAAAAAAAAAAAAAAAAAAAAAAAAAAAAAAAAAAAAAAAAAAAAAAAAAAAAAAAD+15HSBO6UAAAAAAAAAAAAAgADAAAJIAAAAAAAAAAAAAAAAAAAAB9wYXNzd29yZHMgc2VjdXJpdHkgYW5kIHUjRkVDNDZCAAAQAAgAAM8ook8AAAARAAgAANIE0nQAAAABABAA/sRrAP7BgwAI/OIAAmXaAAIAWU1hY2ludG9zaCBIRDpVc2VyczoAYWxleGE6AFBhcGVyczoAcGFzc3dvcmRzIHNlY3VyaXR5IGFuZCB1I0ZFQzQ2QjoAcDI1Ny1zY2hsb2dsaG9mZXIucGRmAAAOACwAFQBwADIANQA3AC0AcwBjAGgAbABvAGcAbABoAG8AZgBlAHIALgBwAGQAZgAPABoADABNAGEAYwBpAG4AdABvAHMAaAAgAEgARAASAElVc2Vycy9hbGV4YS9QYXBlcnMvcGFzc3dvcmRzIHNlY3VyaXR5IGFuZCB1c2FiaWxpdHkvcDI1Ny1zY2hsb2dsaG9mZXIucGRmAAATAAEvAAAVAAIADP//AACABtIbHB0eWiRjbGFzc25hbWVYJGNsYXNzZXNdTlNNdXRhYmxlRGF0YaMdHyBWTlNEYXRhWE5TT2JqZWN00hscIiNcTlNEaWN0aW9uYXJ5oiIgXxAPTlNLZXllZEFyY2hpdmVy0SYnVHJvb3SAAQAIABEAGgAjAC0AMgA3AEAARgBNAFUAYABnAGoAbABuAHEAcwB1AHcAhACOANQA2QDhAtUC1wLcAucC8AL+AwIDCQMSAxcDJAMnAzkDPANBAAAAAAAAAgEAAAAAAAAAKAAAAAAAAAAAAAAAAAAAA0M=},
	Bdsk-Url-1 = {http://doi.acm.org/10.1145/2428955.2429004},
	Bdsk-Url-2 = {http://dx.doi.org/10.1145/2428955.2429004}}

@inproceedings{Dunphy:2010:CLR:1837110.1837114,
	Acmid = {1837114},
	Address = {New York, NY, USA},
	Articleno = {3},
	Author = {Dunphy, Paul and Heiner, Andreas P. and Asokan, N.},
	Booktitle = {Proceedings of the Sixth Symposium on Usable Privacy and Security},
	Date-Added = {2015-08-27 14:41:44 +0000},
	Date-Modified = {2015-08-27 14:41:44 +0000},
	Doi = {10.1145/1837110.1837114},
	Isbn = {978-1-4503-0264-7},
	Keywords = {graphical passwords, mobile devices, shoulder surfing},
	Location = {Redmond, Washington, USA},
	Numpages = {12},
	Pages = {3:1--3:12},
	Publisher = {ACM},
	Series = {SOUPS '10},
	Title = {A Closer Look at Recognition-based Graphical Passwords on Mobile Devices},
	Url = {http://doi.acm.org/10.1145/1837110.1837114},
	Year = {2010},
	Bdsk-File-1 = {YnBsaXN0MDDUAQIDBAUGJCVYJHZlcnNpb25YJG9iamVjdHNZJGFyY2hpdmVyVCR0b3ASAAGGoKgHCBMUFRYaIVUkbnVsbNMJCgsMDxJXTlMua2V5c1pOUy5vYmplY3RzViRjbGFzc6INDoACgAOiEBGABIAFgAdccmVsYXRpdmVQYXRoWWFsaWFzRGF0YV8QLi4uLy4uL1BhcGVycy9ncmFwaGljYWwgcGFzc3dvcmRzL2EzLWR1bnBoeS5wZGbSFwsYGVdOUy5kYXRhTxEBqgAAAAABqgACAAAMTWFjaW50b3NoIEhEAAAAAAAAAAAAAAAAAAAAzyiwX0grAAAA/tQpDWEzLWR1bnBoeS5wZGYAAAAAAAAAAAAAAAAAAAAAAAAAAAAAAAAAAAAAAAAAAAAAAAAAAAAAAAAAAAAAAAAAAAD+1TrSBO5SAAAAAAAAAAAAAgADAAAJIAAAAAAAAAAAAAAAAAAAABNncmFwaGljYWwgcGFzc3dvcmRzAAAQAAgAAM8ook8AAAARAAgAANIE0jIAAAABABAA/tQpAP7BgwAI/OIAAmXaAAIARU1hY2ludG9zaCBIRDpVc2VyczoAYWxleGE6AFBhcGVyczoAZ3JhcGhpY2FsIHBhc3N3b3JkczoAYTMtZHVucGh5LnBkZgAADgAcAA0AYQAzAC0AZAB1AG4AcABoAHkALgBwAGQAZgAPABoADABNAGEAYwBpAG4AdABvAHMAaAAgAEgARAASADRVc2Vycy9hbGV4YS9QYXBlcnMvZ3JhcGhpY2FsIHBhc3N3b3Jkcy9hMy1kdW5waHkucGRmABMAAS8AABUAAgAM//8AAIAG0hscHR5aJGNsYXNzbmFtZVgkY2xhc3Nlc11OU011dGFibGVEYXRhox0fIFZOU0RhdGFYTlNPYmplY3TSGxwiI1xOU0RpY3Rpb25hcnmiIiBfEA9OU0tleWVkQXJjaGl2ZXLRJidUcm9vdIABAAgAEQAaACMALQAyADcAQABGAE0AVQBgAGcAagBsAG4AcQBzAHUAdwCEAI4AvwDEAMwCegJ8AoECjAKVAqMCpwKuArcCvALJAswC3gLhAuYAAAAAAAACAQAAAAAAAAAoAAAAAAAAAAAAAAAAAAAC6A==},
	Bdsk-Url-1 = {http://doi.acm.org/10.1145/1837110.1837114},
	Bdsk-Url-2 = {http://dx.doi.org/10.1145/1837110.1837114}}

@inproceedings{Shay:2014:LPS:2556288.2557377,
	Acmid = {2557377},
	Address = {New York, NY, USA},
	Author = {Shay, Richard and Komanduri, Saranga and Durity, Adam L. and Huh, Phillip (Seyoung) and Mazurek, Michelle L. and Segreti, Sean M. and Ur, Blase and Bauer, Lujo and Christin, Nicolas and Cranor, Lorrie Faith},
	Booktitle = {Proceedings of the SIGCHI Conference on Human Factors in Computing Systems},
	Date-Added = {2015-08-27 14:28:17 +0000},
	Date-Modified = {2015-08-27 14:28:17 +0000},
	Doi = {10.1145/2556288.2557377},
	Isbn = {978-1-4503-2473-1},
	Keywords = {authentication, password-composition policies, passwords, security policy, usable security},
	Location = {Toronto, Ontario, Canada},
	Numpages = {10},
	Pages = {2927--2936},
	Publisher = {ACM},
	Series = {CHI '14},
	Title = {Can Long Passwords Be Secure and Usable?},
	Url = {http://doi.acm.org/10.1145/2556288.2557377},
	Year = {2014},
	Bdsk-File-1 = {YnBsaXN0MDDUAQIDBAUGJCVYJHZlcnNpb25YJG9iamVjdHNZJGFyY2hpdmVyVCR0b3ASAAGGoKgHCBMUFRYaIVUkbnVsbNMJCgsMDxJXTlMua2V5c1pOUy5vYmplY3RzViRjbGFzc6INDoACgAOiEBGABIAFgAdccmVsYXRpdmVQYXRoWWFsaWFzRGF0YV8QRy4uLy4uL1BhcGVycy9wYXNzd29yZHMgc2VjdXJpdHkgYW5kIHVzYWJpbGl0eS9jaGkyMDE0LWxvbmdwYXNzd29yZHMucGRm0hcLGBlXTlMuZGF0YU8RAgAAAAAAAgAAAgAADE1hY2ludG9zaCBIRAAAAAAAAAAAAAAAAAAAAM8osF9IKwAAAP7EaxljaGkyMDE0LWxvbmdwYXNzd29yZHMucGRmAAAAAAAAAAAAAAAAAAAAAAAAAAAAAAAAAAAAAAAAAAAAAAAAAAAA/sSN0eBkQAAAAAAAAAAAAAIAAwAACSAAAAAAAAAAAAAAAAAAAAAfcGFzc3dvcmRzIHNlY3VyaXR5IGFuZCB1I0ZFQzQ2QgAAEAAIAADPKKJPAAAAEQAIAADR4EggAAAAAQAQAP7EawD+wYMACPziAAJl2gACAF1NYWNpbnRvc2ggSEQ6VXNlcnM6AGFsZXhhOgBQYXBlcnM6AHBhc3N3b3JkcyBzZWN1cml0eSBhbmQgdSNGRUM0NkI6AGNoaTIwMTQtbG9uZ3Bhc3N3b3Jkcy5wZGYAAA4ANAAZAGMAaABpADIAMAAxADQALQBsAG8AbgBnAHAAYQBzAHMAdwBvAHIAZABzAC4AcABkAGYADwAaAAwATQBhAGMAaQBuAHQAbwBzAGgAIABIAEQAEgBNVXNlcnMvYWxleGEvUGFwZXJzL3Bhc3N3b3JkcyBzZWN1cml0eSBhbmQgdXNhYmlsaXR5L2NoaTIwMTQtbG9uZ3Bhc3N3b3Jkcy5wZGYAABMAAS8AABUAAgAM//8AAIAG0hscHR5aJGNsYXNzbmFtZVgkY2xhc3Nlc11OU011dGFibGVEYXRhox0fIFZOU0RhdGFYTlNPYmplY3TSGxwiI1xOU0RpY3Rpb25hcnmiIiBfEA9OU0tleWVkQXJjaGl2ZXLRJidUcm9vdIABAAgAEQAaACMALQAyADcAQABGAE0AVQBgAGcAagBsAG4AcQBzAHUAdwCEAI4A2ADdAOUC6QLrAvAC+wMEAxIDFgMdAyYDKwM4AzsDTQNQA1UAAAAAAAACAQAAAAAAAAAoAAAAAAAAAAAAAAAAAAADVw==},
	Bdsk-Url-1 = {http://doi.acm.org/10.1145/2556288.2557377},
	Bdsk-Url-2 = {http://dx.doi.org/10.1145/2556288.2557377}}

@inproceedings{Bonneau:2012:QRP:2310656.2310722,
	Acmid = {2310722},
	Address = {Washington, DC, USA},
	Author = {Bonneau, Joseph and Herley, Cormac and Oorschot, Paul C. van and Stajano, Frank},
	Booktitle = {Proceedings of the 2012 IEEE Symposium on Security and Privacy},
	Date-Added = {2015-08-27 14:27:15 +0000},
	Date-Modified = {2015-08-27 14:27:15 +0000},
	Doi = {10.1109/SP.2012.44},
	Isbn = {978-0-7695-4681-0},
	Keywords = {authentication, computer security, deployability, economics, human computer interaction, security and usability, software engineering},
	Numpages = {15},
	Pages = {553--567},
	Publisher = {IEEE Computer Society},
	Series = {SP '12},
	Title = {The Quest to Replace Passwords: A Framework for Comparative Evaluation of Web Authentication Schemes},
	Url = {http://dx.doi.org/10.1109/SP.2012.44},
	Year = {2012},
	Bdsk-File-1 = {YnBsaXN0MDDUAQIDBAUGJCVYJHZlcnNpb25YJG9iamVjdHNZJGFyY2hpdmVyVCR0b3ASAAGGoKgHCBMUFRYaIVUkbnVsbNMJCgsMDxJXTlMua2V5c1pOUy5vYmplY3RzViRjbGFzc6INDoACgAOiEBGABIAFgAdccmVsYXRpdmVQYXRoWWFsaWFzRGF0YV8QQi4uLy4uL1BhcGVycy9wYXNzd29yZHMvMjAxMi1Cb25uZWF1SGVyT29yU3RhLXBhc3N3b3JkLS1vYWtsYW5kLnBkZtIXCxgZV05TLmRhdGFPEQH4AAAAAAH4AAIAAAxNYWNpbnRvc2ggSEQAAAAAAAAAAAAAAAAAAADPKLBfSCsAAAD+xOQfMjAxMi1Cb25uZWF1SGVyT29yU3QjRkIxMjU3LnBkZgAAAAAAAAAAAAAAAAAAAAAAAAAAAAAAAAAAAAAAAAAAAPsSV9H2bdgAAAAAAAAAAAACAAMAAAkgAAAAAAAAAAAAAAAAAAAACXBhc3N3b3JkcwAAEAAIAADPKKJPAAAAEQAIAADR9lG4AAAAAQAQAP7E5AD+wYMACPziAAJl2gACAE1NYWNpbnRvc2ggSEQ6VXNlcnM6AGFsZXhhOgBQYXBlcnM6AHBhc3N3b3JkczoAMjAxMi1Cb25uZWF1SGVyT29yU3QjRkIxMjU3LnBkZgAADgBYACsAMgAwADEAMgAtAEIAbwBuAG4AZQBhAHUASABlAHIATwBvAHIAUwB0AGEALQBwAGEAcwBzAHcAbwByAGQALQAtAG8AYQBrAGwAYQBuAGQALgBwAGQAZgAPABoADABNAGEAYwBpAG4AdABvAHMAaAAgAEgARAASAEhVc2Vycy9hbGV4YS9QYXBlcnMvcGFzc3dvcmRzLzIwMTItQm9ubmVhdUhlck9vclN0YS1wYXNzd29yZC0tb2FrbGFuZC5wZGYAEwABLwAAFQACAAz//wAAgAbSGxwdHlokY2xhc3NuYW1lWCRjbGFzc2VzXU5TTXV0YWJsZURhdGGjHR8gVk5TRGF0YVhOU09iamVjdNIbHCIjXE5TRGljdGlvbmFyeaIiIF8QD05TS2V5ZWRBcmNoaXZlctEmJ1Ryb290gAEACAARABoAIwAtADIANwBAAEYATQBVAGAAZwBqAGwAbgBxAHMAdQB3AIQAjgDTANgA4ALcAt4C4wLuAvcDBQMJAxADGQMeAysDLgNAA0MDSAAAAAAAAAIBAAAAAAAAACgAAAAAAAAAAAAAAAAAAANK},
	Bdsk-Url-1 = {http://dx.doi.org/10.1109/SP.2012.44}}

@inproceedings{Aviv:2014:UVP:2664243.2664253,
	Acmid = {2664253},
	Address = {New York, NY, USA},
	Author = {Aviv, Adam J. and Fichter, Dane},
	Booktitle = {Proceedings of the 30th Annual Computer Security Applications Conference},
	Date-Added = {2015-08-27 14:26:12 +0000},
	Date-Modified = {2015-09-10 23:48:02 +0000},
	Doi = {10.1145/2664243.2664253},
	Isbn = {978-1-4503-3005-3},
	Location = {New Orleans, Louisiana, USA},
	Numpages = {10},
	Pages = {286--295},
	Publisher = {ACM},
	Rating = {3},
	Read = {1},
	Series = {ACSAC '14},
	Title = {Understanding Visual Perceptions of Usability and Security of Android's Graphical Password Pattern},
	Url = {http://doi.acm.org/10.1145/2664243.2664253},
	Year = {2014},
	Bdsk-File-1 = {YnBsaXN0MDDUAQIDBAUGJCVYJHZlcnNpb25YJG9iamVjdHNZJGFyY2hpdmVyVCR0b3ASAAGGoKgHCBMUFRYaIVUkbnVsbNMJCgsMDxJXTlMua2V5c1pOUy5vYmplY3RzViRjbGFzc6INDoACgAOiEBGABIAFgAdccmVsYXRpdmVQYXRoWWFsaWFzRGF0YV8QNS4uLy4uL1BhcGVycy9hbmRyb2lkIGdyYXBoaWNhbCB1bmxvY2tlci9wMjg2LWF2aXYucGRm0hcLGBlXTlMuZGF0YU8RAb4AAAAAAb4AAgAADE1hY2ludG9zaCBIRAAAAAAAAAAAAAAAAAAAAM8osF9IKwAAAP7EYg1wMjg2LWF2aXYucGRmAAAAAAAAAAAAAAAAAAAAAAAAAAAAAAAAAAAAAAAAAAAAAAAAAAAAAAAAAAAAAAAAAAABClTw0fZx/AAAAAAAAAAAAAIAAwAACSAAAAAAAAAAAAAAAAAAAAAaYW5kcm9pZCBncmFwaGljYWwgdW5sb2NrZXIAEAAIAADPKKJPAAAAEQAIAADR9lXcAAAAAQAQAP7EYgD+wYMACPziAAJl2gACAExNYWNpbnRvc2ggSEQ6VXNlcnM6AGFsZXhhOgBQYXBlcnM6AGFuZHJvaWQgZ3JhcGhpY2FsIHVubG9ja2VyOgBwMjg2LWF2aXYucGRmAA4AHAANAHAAMgA4ADYALQBhAHYAaQB2AC4AcABkAGYADwAaAAwATQBhAGMAaQBuAHQAbwBzAGgAIABIAEQAEgA7VXNlcnMvYWxleGEvUGFwZXJzL2FuZHJvaWQgZ3JhcGhpY2FsIHVubG9ja2VyL3AyODYtYXZpdi5wZGYAABMAAS8AABUAAgAM//8AAIAG0hscHR5aJGNsYXNzbmFtZVgkY2xhc3Nlc11OU011dGFibGVEYXRhox0fIFZOU0RhdGFYTlNPYmplY3TSGxwiI1xOU0RpY3Rpb25hcnmiIiBfEA9OU0tleWVkQXJjaGl2ZXLRJidUcm9vdIABAAgAEQAaACMALQAyADcAQABGAE0AVQBgAGcAagBsAG4AcQBzAHUAdwCEAI4AxgDLANMClQKXApwCpwKwAr4CwgLJAtIC1wLkAucC+QL8AwEAAAAAAAACAQAAAAAAAAAoAAAAAAAAAAAAAAAAAAADAw==},
	Bdsk-Url-1 = {http://doi.acm.org/10.1145/2664243.2664253},
	Bdsk-Url-2 = {http://dx.doi.org/10.1145/2664243.2664253}}

@inproceedings{Uellenbeck:2013:QSG:2508859.2516700,
	Acmid = {2516700},
	Address = {New York, NY, USA},
	Annote = {Study for evlaluating the security of android unlock patterns (aup)
The theoretical strengths of aup is not nearly reached by the users chosen patterns, there are 2^19 possible patterns. Usually user choose password not uniformly.
The 3x3 matrix was evaluated by a study.

The user had to choose a pattern to protect a sweet and the was able to attack 5 times to unlock other sweets.
113 participants.

kind of pre study
pen and paper study to get statistical information about users real aup, length and starting point was asked for.
105 participants.
corners are starting points
length 5.63

587 people were interviewed in how they choose patterns, as pen and paper also as part of the game.

also more alternative patterns(4) for the matrix are derived and tested in a further study
366 participants

leaving top left point out
adding 4th line and leaving right bottom out
circle
random pattern},
	Author = {Uellenbeck, Sebastian and D\"{u}rmuth, Markus and Wolf, Christopher and Holz, Thorsten},
	Booktitle = {Proceedings of the 2013 ACM SIGSAC Conference on Computer \&\#38; Communications Security},
	Date-Added = {2015-08-27 13:25:24 +0000},
	Date-Modified = {2015-09-10 23:47:32 +0000},
	Doi = {10.1145/2508859.2516700},
	Isbn = {978-1-4503-2477-9},
	Keywords = {android, mobile security, passwords},
	Location = {Berlin, Germany},
	Numpages = {12},
	Pages = {161--172},
	Publisher = {ACM},
	Rating = {4},
	Read = {1},
	Series = {CCS '13},
	Title = {Quantifying the Security of Graphical Passwords: The Case of Android Unlock Patterns},
	Url = {http://doi.acm.org/10.1145/2508859.2516700},
	Year = {2013},
	Bdsk-File-1 = {YnBsaXN0MDDUAQIDBAUGJCVYJHZlcnNpb25YJG9iamVjdHNZJGFyY2hpdmVyVCR0b3ASAAGGoKgHCBMUFRYaIVUkbnVsbNMJCgsMDxJXTlMua2V5c1pOUy5vYmplY3RzViRjbGFzc6INDoACgAOiEBGABIAFgAdccmVsYXRpdmVQYXRoWWFsaWFzRGF0YV8QOy4uLy4uL1BhcGVycy9hbmRyb2lkIGdyYXBoaWNhbCB1bmxvY2tlci9wMTYxLXVlbGxlbmJlY2sucGRm0hcLGBlXTlMuZGF0YU8RAdYAAAAAAdYAAgAADE1hY2ludG9zaCBIRAAAAAAAAAAAAAAAAAAAAM8osF9IKwAAAP7EYhNwMTYxLXVlbGxlbmJlY2sucGRmAAAAAAAAAAAAAAAAAAAAAAAAAAAAAAAAAAAAAAAAAAAAAAAAAAAAAAAAAAAA/oTr0gS9SQAAAAAAAAAAAAIAAwAACSAAAAAAAAAAAAAAAAAAAAAaYW5kcm9pZCBncmFwaGljYWwgdW5sb2NrZXIAEAAIAADPKKJPAAAAEQAIAADSBKEpAAAAAQAQAP7EYgD+wYMACPziAAJl2gACAFJNYWNpbnRvc2ggSEQ6VXNlcnM6AGFsZXhhOgBQYXBlcnM6AGFuZHJvaWQgZ3JhcGhpY2FsIHVubG9ja2VyOgBwMTYxLXVlbGxlbmJlY2sucGRmAA4AKAATAHAAMQA2ADEALQB1AGUAbABsAGUAbgBiAGUAYwBrAC4AcABkAGYADwAaAAwATQBhAGMAaQBuAHQAbwBzAGgAIABIAEQAEgBBVXNlcnMvYWxleGEvUGFwZXJzL2FuZHJvaWQgZ3JhcGhpY2FsIHVubG9ja2VyL3AxNjEtdWVsbGVuYmVjay5wZGYAABMAAS8AABUAAgAM//8AAIAG0hscHR5aJGNsYXNzbmFtZVgkY2xhc3Nlc11OU011dGFibGVEYXRhox0fIFZOU0RhdGFYTlNPYmplY3TSGxwiI1xOU0RpY3Rpb25hcnmiIiBfEA9OU0tleWVkQXJjaGl2ZXLRJidUcm9vdIABAAgAEQAaACMALQAyADcAQABGAE0AVQBgAGcAagBsAG4AcQBzAHUAdwCEAI4AzADRANkCswK1AroCxQLOAtwC4ALnAvAC9QMCAwUDFwMaAx8AAAAAAAACAQAAAAAAAAAoAAAAAAAAAAAAAAAAAAADIQ==},
	Bdsk-File-2 = {YnBsaXN0MDDUAQIDBAUGJCVYJHZlcnNpb25YJG9iamVjdHNZJGFyY2hpdmVyVCR0b3ASAAGGoKgHCBMUFRYaIVUkbnVsbNMJCgsMDxJXTlMua2V5c1pOUy5vYmplY3RzViRjbGFzc6INDoACgAOiEBGABIAFgAdccmVsYXRpdmVQYXRoWWFsaWFzRGF0YV8QWS4uLy4uL0RvY3VtZW50cy8wNl9TdHVkaXVtX01hc3Rlci8wMl9TZW1lc3Rlci9wcml2YWN5L3NlbWluYXJhcmJlaXQvc3VtbWFyaWVzL3N1bW1hcnkudHh00hcLGBlXTlMuZGF0YU8RAgYAAAAAAgYAAgAADE1hY2ludG9zaCBIRAAAAAAAAAAAAAAAAAAAAM8osF9IKwAAAP9ozQtzdW1tYXJ5LnR4dAAAAAAAAAAAAAAAAAAAAAAAAAAAAAAAAAAAAAAAAAAAAAAAAAAAAAAAAAAAAAAAAAAAAAAA/2jS0gkTngAAAAAAAAAAAAIABwAACSAAAAAAAAAAAAAAAAAAAAAJc3VtbWFyaWVzAAAQAAgAAM8ook8AAAARAAgAANII934AAAABACAA/2jNAPp59wDcnf4Ao6ntAFRp0wAI/OMACPziAAJl2gACAHRNYWNpbnRvc2ggSEQ6VXNlcnM6AGFsZXhhOgBEb2N1bWVudHM6ADA2X1N0dWRpdW1fTWFzdGVyOgAwMl9TZW1lc3RlcjoAcHJpdmFjeToAc2VtaW5hcmFyYmVpdDoAc3VtbWFyaWVzOgBzdW1tYXJ5LnR4dAAOABgACwBzAHUAbQBtAGEAcgB5AC4AdAB4AHQADwAaAAwATQBhAGMAaQBuAHQAbwBzAGgAIABIAEQAEgBfVXNlcnMvYWxleGEvRG9jdW1lbnRzLzA2X1N0dWRpdW1fTWFzdGVyLzAyX1NlbWVzdGVyL3ByaXZhY3kvc2VtaW5hcmFyYmVpdC9zdW1tYXJpZXMvc3VtbWFyeS50eHQAABMAAS8AABUAAgAM//8AAIAG0hscHR5aJGNsYXNzbmFtZVgkY2xhc3Nlc11OU011dGFibGVEYXRhox0fIFZOU0RhdGFYTlNPYmplY3TSGxwiI1xOU0RpY3Rpb25hcnmiIiBfEA9OU0tleWVkQXJjaGl2ZXLRJidUcm9vdIABAAgAEQAaACMALQAyADcAQABGAE0AVQBgAGcAagBsAG4AcQBzAHUAdwCEAI4A6gDvAPcDAQMDAwgDEwMcAyoDLgM1Az4DQwNQA1MDZQNoA20AAAAAAAACAQAAAAAAAAAoAAAAAAAAAAAAAAAAAAADbw==},
	Bdsk-Url-1 = {http://doi.acm.org/10.1145/2508859.2516700},
	Bdsk-Url-2 = {http://dx.doi.org/10.1145/2508859.2516700}}
